=LDR  00832    a2200217 n 4500
=001  22853315530003841
=003  TestILS
=004  991035517279703841
=005  20210520081217.98
=007  ta
=008  1705080u\\\\0\\\0001ba\\\0\\\\\\\\\\\\\\
=014  1\$a12956657$bOCoLC
=022  \\$a0268-0661$l0268-0661$y0258-0661
=035  \\$a(OCoLC)12956657
=035  \\$a(TestILS)c14129553-01asu_inst
=245  00$aSouth America, Central America, and the Caribbean.
=561  \\$aTESTINST1
=583  \\$acommitted to retain$c20170508$dDecember 31, 2035$fTESTPROGRAM$fTESTPROGRAM Gold$uhttp://localhost/services/testprogram/docs/TESTPROGRAMProgramStatement.pdf
=583  \\$acompleteness reviewed$c20170508$fTESTPROGRAM$fTESTPROGRAM Gold$iissue-level$lmissing issues$zmissing no.2-4,6-10, 12
=583  \\$acondition reviewed$c20170508$fTESTPROGRAM$fTESTPROGRAM Gold$iissue-level
=852  0\$aTESTINST1$bHDC$ctestprogram-trust$hF1401$i.S68
=866  30$80$ano.1(1986), 5(1995), 11(2003), 13(2005)

