=LDR  00695nx  a22001931n 4500
=003  TestILS
=004  991033887429703841
=007  ta
=001  221133693310003841
=008  1912315u\\\\0\\\0000ba\\\0\\\\\\
=005  20210520081218.00
=022  \\$a0748-8580
=035  \\$a(OCoLC)11018239
=245  00$aCurrent research in film.
=583  \\$acommitted to retain$c20191231$dDecember 31, 2035$fTESTPROGRAM$fTESTPROGRAM Gold$uhttp://localhost/services/testprogram/docs/TESTPROGRAMProgramStatement.pdf
=583  \\$acompleteness reviewed$c20191231$fTESTPROGRAM$fTESTPROGRAM Gold$iissue level$lmissing issues$zv.4-5 missing
=583  \\$acondition reviewed$c20191231$fTESTPROGRAM$fTESTPROGRAM Gold$iissue level
=561  \\$aTESTINST1
=852  0\$aTESTINST1$bHDC$ctestprogram-trust$hPN1993$i.C86x
=866  30$80$a1(1985)-5(1991)

