=LDR  00616ny  a22001933n 4500
=001  22834949010003841
=003  TestILS
=004  991011790269703841
=005  20210520081217.97
=007  ta
=008  1205020u\\\\0\\\0001ba\\\0\\\\\\\\\\\\\\
=014  1\$a1783291$bOCoLC
=022  0\$a0021-9436
=035  \\$a(OCoLC)1783291
=035  \\$a(TestILS)c12689713-01asu_inst
=245  04$aThe Journal of business communication.
=561  \\$aTESTINST1
=583  \\$acommitted to retain$c20120502$dDecember 31, 2035$fTESTPROGRAM$fTESTPROGRAM Bronze$uhttp://localhost/services/testprogram/docs/TESTPROGRAMProgramStatement.pdf
=852  0\$aTESTINST1$bHDC$ctestprogram-trust
=866  30$80$a1(1963)-2(1965), 5(1968)-10(1973), 38(2001)-41(2004)

