=LDR  00605nx  a22001811n 4500
=003  TestILS
=004  991008748549703841
=007  ta
=001  221114406250003841
=008  1908080u\\\\0\\\0000ba\\\0\\\\\\
=005  20210520081217.53
=022  \\$a0474-5221
=035  \\$a(OCoLC)1122449
=245  00$aEconomic surveys by the OECD.$pJapan.
=583  \\$acommitted to retain$c20190808$dDecember 31, 2035$fTESTPROGRAM$fTESTPROGRAM Silver$uhttp://localhost/services/testprogram/docs/TESTPROGRAMProgramStatement.pdf
=583  \\$acompleteness reviewed$c20190808$fTESTPROGRAM$fTESTPROGRAM Silver$ivolume level
=561  \\$aTESTINST1
=852  0\$aTESTINST1$bHDC$ctestprogram-trust$hHC461.A1$iO7
=866  30$80$a(1964)-(1965), (1967)-(1968)

