=LDR  00673nx  a22001931n 4500
=003  TestILS
=004  991002201239703841
=007  ta
=001  221067403040003841
=008  1805165u\\\\0\\\0000ba\\\0\\\\\\
=005  20210520081218.08
=035  \\$a(OCoLC)23066651
=245  00$aCurrent dividend record.
=583  \\$acommitted to retain$c20180523$dDecember 31, 2035$fTESTPROGRAM$fTESTPROGRAM Gold$uhttp://localhost/services/testprogram/docs/TESTPROGRAMProgramStatement.pdf
=583  \\$acompleteness reviewed$c20180523$fTESTPROGRAM$fTESTPROGRAM Gold$iissue level$lmissing volumes
=583  \\$acondition reviewed$c20180523$fTESTPROGRAM$fTESTPROGRAM Gold$iissue level
=561  \\$aTESTINST1
=561  \\$aCUV
=852  0\$aTESTINST1$bHDC$ctestprogram-trust$hHG4930$i.C87x
=866  30$80$a(1990)-(1992)

