=LDR  00583ny  a22001933n 4500
=001  22852132670003841
=003  TestILS
=004  991000985089703841
=005  20210520081217.78
=007  ta
=008  1205020u\\\\0\\\0001ba\\\0\\\\\\\\\\\\\\
=014  1\$a35580901$bOCoLC
=022  0\$a1090-9516
=035  \\$a(OCoLC)35580901
=035  \\$a(TestILS)c1268952x-01asu_inst
=245  00$aJournal of world business :$bJWB.
=561  \\$aTESTINST1
=583  \\$acommitted to retain$c20120502$dDecember 31, 2035$fTESTPROGRAM$fTESTPROGRAM Bronze$uhttp://localhost/services/testprogram/docs/TESTPROGRAMProgramStatement.pdf
=852  0\$aTESTINST1$bHDC$ctestprogram-trust
=866  30$80$a32(1997)-37(2002)

