=LDR  00666nx  a22001931n 4500
=003  TestILS
=004  991025116849703841
=007  ta
=001  221148309970003841
=008  2006305u\\\\0\\\0000ba\\\0\\\\\\
=005  20210520081217.41
=022  \\$a0276-8151
=035  \\$a(OCoLC)6647851
=245  10$aAnnual journal /$cPeter W. Rodino Institute of Criminal Justice.
=583  \\$acommitted to retain$c20200630$dDecember 31, 2035$fTESTPROGRAM$fTESTPROGRAM Gold$uhttp://localhost/services/testprogram/docs/TESTPROGRAMProgramStatement.pdf
=583  \\$acompleteness reviewed$c20200630$fTESTPROGRAM$fTESTPROGRAM Gold$iissue level
=583  \\$acondition reviewed$c20200630$fTESTPROGRAM$fTESTPROGRAM Gold$iissue level
=561  \\$aTESTINST1
=852  0\$aTESTINST1$bHDC$ctestprogram-trust$hKF9223.A75$iA55x
=866  30$80$a1(1979)-2(1980)

