=LDR  00769    a2200229 n 4500
=001  22937584580003841
=003  TestILS
=004  991011458159703841
=005  20210520081217.71
=007  ta
=008  1605010u\\\\0\\\0001ba\\\0\\\\\\\\\\\\\\
=014  1\$a1461201$bOCoLC
=022  \\$a0065-275X
=030  \\$aADHGA8
=035  \\$a(OCoLC)1461201
=035  \\$a(TestILS)c13792180-01asu_inst
=245  00$aAdvances in human genetics.
=561  \\$aTESTINST1
=583  \\$acommitted to retain$c20160501$dDecember 31, 2035$fTESTPROGRAM$fTESTPROGRAM Gold$uhttp://localhost/services/testprogram/docs/TESTPROGRAMProgramStatement.pdf
=583  \\$acompleteness reviewed$c20160501$fTESTPROGRAM$fTESTPROGRAM Gold$iissue-level
=583  \\$acondition reviewed$c20160501$fTESTPROGRAM$fTESTPROGRAM Gold$iissue-level
=852  0\$aTESTINST1$bHDC$ctestprogram-trust$hQH431.A1$iA32
=866  30$80$a1(1970)-22(1994)

