=LDR  00744    a2200217 n 4500
=001  22823412370003841
=003  TestILS
=004  991028928369703841
=005  20210520081218.20
=007  ta
=008  1605200u\\\\0\\\0001ba\\\0\\\\\\\\\\\\\\
=014  1\$a8685209$bOCoLC
=022  1\$a0734-2063
=035  \\$a(OCoLC)8685209
=035  \\$a(TestILS)c13831562-01asu_inst
=245  00$aReview of research in futures markets.
=561  \\$aTESTINST1
=583  \\$acommitted to retain$c20160520$dDecember 31, 2035$fTESTPROGRAM$fTESTPROGRAM Gold$uhttp://localhost/services/testprogram/docs/TESTPROGRAMProgramStatement.pdf
=583  \\$acompleteness reviewed$c20160520$fTESTPROGRAM$fTESTPROGRAM Gold$iissue-level
=583  \\$acondition reviewed$c20160520$fTESTPROGRAM$fTESTPROGRAM Gold$iissue-level
=852  0\$aTESTINST1$bHDC$ctestprogram-trust$hHG6046$i.R48
=866  30$80$a1(1982)-5(1986)

