=LDR  00748ny  a22002053n 4500
=001  22938207360003841
=003  TestILS
=004  991020802349703841
=005  20210520081217.83
=007  ta
=008  1312230u\\\\0\\\0001ba\\\0\\\\\\\\\\\\\\
=014  1\$a4184761$bOCoLC
=022  0\$a0162-6434
=035  \\$a(OCoLC)4184761
=035  \\$a(TestILS)c13303004-01asu_inst
=245  00$aJournal of special education technology.
=561  \\$aTESTINST1
=583  \\$acommitted to retain$c20131223$dDecember 31, 2035$fTESTPROGRAM$fTESTPROGRAM Silver$uhttp://localhost/services/testprogram/docs/TESTPROGRAMProgramStatement.pdf
=583  \\$acompleteness reviewed$c20131223$fTESTPROGRAM$fTESTPROGRAM Silver$ivolume-level$lmissing volumes$zmissing vols. 1-5$lbinding patterns vary$zvols. 11-12 bound together
=852  0\$aTESTINST1$bHDC$ctestprogram-trust
=866  30$80$a6(1983)-20(2005)

