=LDR  00651nx  a22001811n 4500
=003  TestILS
=004  991011724999703841
=007  ta
=001  221111809990003841
=008  1905310u\\\\0\\\0000ba\\\0\\\\\\
=005  20210520081217.47
=022  \\$a0164-4327
=035  \\$a(OCoLC)1763738
=245  00$aReproductions review & methods.
=583  \\$acommitted to retain$c20190531$dDecember 31, 2035$fTESTPROGRAM$fTESTPROGRAM Silver$uhttp://localhost/services/testprogram/docs/TESTPROGRAMProgramStatement.pdf
=583  \\$acompleteness reviewed$c20190531$fTESTPROGRAM$fTESTPROGRAM Silver$ivolume level$lmissing volumes$zmissing v.21:9(1971)-27(1977)
=561  \\$aTESTINST1
=852  0\$aTESTINST1$bHDC$ctestprogram-trust$hZ252.5.O5$iR39
=866  30$80$a28(1978)-29, no.11(1979)

