=LDR  00669nx  a22001811n 4500
=003  TestILS
=004  991028922029703841
=007  ta
=001  221133691140003841
=008  1912315u\\\\0\\\0000ba\\\0\\\\\\
=005  20210520081218.20
=035  \\$a(OCoLC)8602245
=245  00$aStudies in sociology.
=583  \\$acommitted to retain$c20191231$dDecember 31, 2035$fTESTPROGRAM$fTESTPROGRAM Gold$uhttp://localhost/services/testprogram/docs/TESTPROGRAMProgramStatement.pdf
=583  \\$acompleteness reviewed$c20191231$fTESTPROGRAM$fTESTPROGRAM Gold$iissue level$lreprints$z1(1916)-5(1921) reprints
=583  \\$acondition reviewed$c20191231$fTESTPROGRAM$fTESTPROGRAM Gold$iissue level
=561  \\$aTESTINST1
=852  0\$aTESTINST1$bHDC$ctestprogram-trust$hHM1$i.S75
=866  30$80$a1(1916)-5(1921)

