=LDR  00668nx  a22001931n 4500
=003  TestILS
=004  991011764439703841
=007  ta
=001  221122089580003841
=008  1908165u\\\\0\\\0000ba\\\0\\\\\\
=005  20210520081217.56
=022  \\$a0002-5488
=035  \\$a(OCoLC)1774765
=245  00$aAlkahest.
=583  \\$acommitted to retain$c20190823$dDecember 31, 2035$fTESTPROGRAM$fTESTPROGRAM Gold$uhttp://localhost/services/testprogram/docs/TESTPROGRAMProgramStatement.pdf
=583  \\$acompleteness reviewed$c20190823$fTESTPROGRAM$fTESTPROGRAM Gold$iissue level
=583  \\$acondition reviewed$c20190823$fTESTPROGRAM$fTESTPROGRAM Gold$iissue level
=561  \\$aTESTINST1
=852  0\$aTESTINST1$bHDC$ctestprogram-trust$hPN6110.C7$iA554
=866  30$80$ano.1(1968)-5(1971)

