=LDR  00655nx  a22001931n 4500
=003  TestILS
=004  991030558169703841
=007  ta
=001  221158954590003841
=008  2102125u\\\\0\\\0000ba\\\0\\\\\\
=005  20210520081217.46
=022  \\$a0736-9123
=035  \\$a(OCoLC)8891720
=245  00$aPapers in comparative studies.
=583  \\$acommitted to retain$c20210212$d20351231$fTESTPROGRAM$fTESTPROGRAM Gold$uhttp://localhost/services/testprogram/docs/TESTPROGRAMProgramStatement.pdf
=583  \\$acompleteness reviewed$c20210212$fTESTPROGRAM$fTESTPROGRAM Gold$iissue level
=583  \\$acondition reviewed$c20210212$fTESTPROGRAM$fTESTPROGRAM Gold$iissue level
=561  \\$aTESTINST1
=852  0\$aTESTINST1$bHDC$ctestprogram-trust$hAP2$i.P248x
=866  30$80$a1(1981)-8(1993/94)

