=LDR  00924    a2200217 n 4500
=001  22924792290003841
=003  TestILS
=004  991024393229703841
=005  20210520081217.43
=007  ta
=008  1405150u\\\\0\\\0001ba\\\0\\\\\\\\\\\\\\
=014  1\$a1778553$bOCoLC
=035  \\$a(OCoLC)1778553
=035  \\$a(TestILS)c1340409x-01asu_inst
=245  00$aAmerican veterinary review.
=561  \\$aTESTINST1
=561  \\$aUUS
=583  \\$acommitted to retain$c20140515$dDecember 31, 2035$fTESTPROGRAM$fTESTPROGRAM Gold$uhttp://localhost/services/testprogram/docs/TESTPROGRAMProgramStatement.pdf
=583  \\$acompleteness reviewed$c20140515$fTESTPROGRAM$fTESTPROGRAM Gold$iissue-level$lmissing volumes$zmissing vols. 1-11; 13-22, 25$lmissing issues$zmissing vol.12 issues 1-7, 9; vol.29 issues 1,12
=583  \\$acondition reviewed$c20140515$fTESTPROGRAM$fTESTPROGRAM Gold$iissue-level$lmissing covers$zvol. 28, 32-38, 40, 43 missing covers
=852  0\$aTESTINST1$bHDC$ctestprogram-trust
=866  30$80$a12(1888), 23(1899)-24(1901), 26(1902)-47(1915)

