=LDR  00785    a2200217 n 4500
=001  22927132140003841
=003  TestILS
=004  991011770019703841
=005  20210520081217.56
=007  ta
=008  1605200u\\\\0\\\0001ba\\\0\\\\\\\\\\\\\\
=014  1\$a1776774$bOCoLC
=022  0\$a0070-1971
=035  \\$a(OCoLC)1776774
=035  \\$a(TestILS)c1383177x-01asu_inst
=245  10$aCurrent issues in higher education :$baddresses, discussion-group reports, and resolutions of the ... annual National Conference on Higher Education.
=561  \\$aTESTINST1
=583  \\$acommitted to retain$c20160520$dDecember 31, 2035$fTESTPROGRAM$fTESTPROGRAM Gold$uhttp://localhost/services/testprogram/docs/TESTPROGRAMProgramStatement.pdf
=583  \\$acompleteness reviewed$c20160520$fTESTPROGRAM$fTESTPROGRAM Gold$iissue-level$lmissing volumes$zmissing no.1
=583  \\$acondition reviewed$c20160520$fTESTPROGRAM$fTESTPROGRAM Gold$iissue-level
=852  0\$aTESTINST1$bHDC$ctestprogram-trust
=866  30$80$ano.2(1947)-21(1966); (1967)-(1983/1984)

