=LDR  00520ny  a22001693n 4500
=003  TestILS
=004  991011497209703841
=005  20210520081217.45
=001  221156616350003841
=007  ta
=008  2011130u\\\\0\\\0000ba\\\0\\\\\\
=022  \\$a0067-2378
=035  \\$a(OCoLC)1518889
=245  00$aAustrian history yearbook.
=561  \\$aTESTINST1
=583  \\$acommitted to retain$c20201113$d20351231$fTESTPROGRAM$fTESTPROGRAM Bronze$uhttp://localhost/services/testprogram/docs/TESTPROGRAMProgramStatement.pdf
=852  0\$aTESTINST1$bHDC$ctestprogram-trust$hDB1$i.A772
=866  30$80$a1(1965)-34(2003), 36(2005)-40(2009)

