=LDR  00704ny  a22002293n 4500
=001  22815650740003841
=003  TestILS
=004  991028898869703841
=005  20210520081218.19
=007  ta
=008  1206280u\\\\0\\\0001ba\\\0\\\\\\\\\\\\\\
=014  1\$a8228597$bOCoLC
=022  0\$a0261-3050
=030  \\$aBLARE9
=035  \\$a(OCoLC)8228597
=035  \\$a(TestILS)c1280731x-01asu_inst
=245  00$aBulletin of Latin American research.
=561  \\$aTESTINST1
=561  \\$aCRU
=583  \\$acommitted to retain$c20120628$dDecember 31, 2035$fTESTPROGRAM$fTESTPROGRAM Silver$uhttp://localhost/services/testprogram/docs/TESTPROGRAMProgramStatement.pdf
=583  \\$acompleteness reviewed$c20120628$fTESTPROGRAM$fTESTPROGRAM Silver$ivolume-level
=852  0\$aTESTINST1$bHDC$ctestprogram-trust
=866  30$80$a1(1981)-24(2005)

