=LDR  00768    a2200217 n 4500
=001  22849546090003841
=003  TestILS
=004  991040089269703841
=005  20210520081217.55
=007  ta
=008  1505010u\\\\0\\\0001ba\\\0\\\\\\\\\\\\\\
=014  1\$a18047419$bOCoLC
=022  0\$a0835-3069
=035  \\$a(OCoLC)18047419
=035  \\$a(TestILS)c13581788-01asu_inst
=245  00$aMedical psychotherapy.
=561  \\$aTESTINST1
=583  \\$acommitted to retain$c20150501$dDecember 31, 2035$fTESTPROGRAM$fTESTPROGRAM Gold$uhttp://localhost/services/testprogram/docs/TESTPROGRAMProgramStatement.pdf
=583  \\$acompleteness reviewed$c20150501$fTESTPROGRAM$fTESTPROGRAM Gold$iissue-level$lmissing volumes$zmissing vols. 3-5
=583  \\$acondition reviewed$c20150501$fTESTPROGRAM$fTESTPROGRAM Gold$iissue-level
=852  0\$aTESTINST1$bHDC$ctestprogram-trust
=866  30$80$a1(1988)-2(1989)

