=LDR  00671nx  a22001811n 4500
=003  TestILS
=004  991022872439703841
=007  ta
=001  221165004070003841
=008  2104280u\\\\0\\\0000ba\\\0\\\\\\
=005  20210520081218.14
=035  \\$a(OCoLC)5427851
=245  00$aElectronic connection techniques and equipment.
=583  \\$acommitted to retain$c20210428$d20351231$fTESTPROGRAM$fTESTPROGRAM Gold$uhttp://localhost/services/testprogram/docs/TESTPROGRAMProgramStatement.pdf
=583  \\$acompleteness reviewed$c20210428$fTESTPROGRAM$fTESTPROGRAM Gold$iissue level$lmissing issues$zmissing (1969/1970) and after
=583  \\$acondition reviewed$c20210428$fTESTPROGRAM$fTESTPROGRAM Gold$iissue level
=561  \\$aTESTINST1
=852  0\$aTESTINST1$bHDC$ctestprogram-trust$hTK7870$i.E448
=866  30$80$a(1968/1969)

