=LDR  00634nx  a22001811n 4500
=003  TestILS
=004  991044965579703841
=007  ta
=001  221157064490003841
=008  2011230u\\\\0\\\0000ba\\\0\\\\\\
=005  20210520081218.06
=022  \\$a1524-7589
=035  \\$a(OCoLC)40910289
=245  00$aFinancial services advisor.
=583  \\$acommitted to retain$c20201123$dDecember 31, 2035$fTESTPROGRAM$fTESTPROGRAM Silver$uhttp://localhost/services/testprogram/docs/TESTPROGRAMProgramStatement.pdf
=583  \\$acompleteness reviewed$c20201123$fTESTPROGRAM$fTESTPROGRAM Silver$ivolume level$lmissing volumes$zmissing v.142(1999)
=561  \\$aTESTINST1
=852  0\$aTESTINST1$bHDC$ctestprogram-trust$hHG8011$i.I5
=866  30$80$a143(2000)-147(2004)

