=LDR  00702nx  a22001931n 4500
=003  TestILS
=004  991048127298603841
=007  ta
=001  221050249000003841
=008  1801235u\\\\0\\\0000ba\\\0\\\\\\
=005  20210520081217.40
=022  \\$a2474-879X
=035  \\$a(OCoLC)1695934
=245  00$aLatin notes.
=583  \\$acommitted to retain$c20180205$dDecember 31, 2035$fTESTPROGRAM$fTESTPROGRAM Gold$uhttp://localhost/services/testprogram/docs/TESTPROGRAMProgramStatement.pdf
=583  \\$acompleteness reviewed$c20180205$fTESTPROGRAM$fTESTPROGRAM Gold$iissue level$lmissing issues$zmissing v.9:5,7; v.12:7
=583  \\$acondition reviewed$c20180205$fTESTPROGRAM$fTESTPROGRAM Gold$iissue level
=561  \\$aORZ
=852  0\$aTESTINST1$bHDC$ctestprogram-trust$hPA1$i.C45x
=866  30$80$a1(1923)-13(1936)

