=LDR  00570nx  a22001691n 4500
=003  TestILS
=004  991022838169703841
=007  ta
=001  221066545100003841
=008  1805140u\\\\0\\\0000ba\\\0\\\\\\
=005  20210520081218.13
=035  \\$a(OCoLC)5038252
=245  04$aThe Almoner;$ba journal of medical social work.
=583  \\$acommitted to retain$c20180514$dDecember 31, 2035$fTESTPROGRAM$fTESTPROGRAM Silver$uhttp://localhost/services/testprogram/docs/TESTPROGRAMProgramStatement.pdf
=583  \\$acompleteness reviewed$c20180514$fTESTPROGRAM$fTESTPROGRAM Silver$ivolume level
=561  \\$aTESTINST1
=852  0\$aTESTINST1$bHDC$ctestprogram-trust$hHV687.5 .G7 M4x
=866  30$80$a1(1948)-17(1965)

