=LDR  00706ny  a22002173n 4500
=001  22938245820003841
=003  TestILS
=004  991011452109703841
=005  20210520081217.71
=007  ta
=008  1404160u\\\\0\\\0001ba\\\0\\\\\\\\\\\\\\
=014  1\$a1460587$bOCoLC
=022  \\$a0001-3595$l0001-3595
=030  \\$zAHMSB
=035  \\$a(OCoLC)1460587
=035  \\$a(TestILS)c13381829-01asu_inst
=245  00$aAbstracts of hospital management studies.
=561  \\$aTESTINST1
=583  \\$acommitted to retain$c20140416$dDecember 31, 2035$fTESTPROGRAM$fTESTPROGRAM Silver$uhttp://localhost/services/testprogram/docs/TESTPROGRAMProgramStatement.pdf
=583  \\$acompleteness reviewed$c20140416$fTESTPROGRAM$fTESTPROGRAM Silver$ivolume-level
=852  0\$aTESTINST1$bHDC$ctestprogram-trust$hRA971$i.A2
=866  30$80$a1(1965)-14(1978)

