=LDR  00705nx  a22001931n 4500
=003  TestILS
=004  991046270349703841
=007  ta
=001  221147858450003841
=008  2006305u\\\\0\\\0000ba\\\0\\\\\\
=005  20210520081217.73
=022  \\$a1068-5162
=035  \\$a(OCoLC)27695073
=245  04$aThe script is finished, now what do I do?.
=583  \\$acommitted to retain$c20200630$dDecember 31, 2035$fTESTPROGRAM$fTESTPROGRAM Gold$uhttp://localhost/services/testprogram/docs/TESTPROGRAMProgramStatement.pdf
=583  \\$acompleteness reviewed$c20200630$fTESTPROGRAM$fTESTPROGRAM Gold$iissue level$lmissing issues$zmissing no. 1(1993)
=583  \\$acondition reviewed$c20200630$fTESTPROGRAM$fTESTPROGRAM Gold$iissue level
=561  \\$aTESTINST1
=852  0\$aTESTINST1$bHDC$ctestprogram-trust$hPN1996$i.S378
=866  30$80$ano. 2(1998)-3(2002)

