=LDR  00715ny  a22002173n 4500
=001  22843050280003841
=003  TestILS
=004  991041203019703841
=005  20210520081217.59
=007  ta
=008  1205150u\\\\0\\\0001ba\\\0\\\\\\\\\\\\\\
=014  1\$a18956055$bOCoLC
=022  0\$a1042-1629$l1042-1629
=030  \\$aETRDE5
=035  \\$a(OCoLC)18956055
=035  \\$a(TestILS)c12692359-01asu_inst
=245  00$aEducational technology research and development :$bETR & D.
=561  \\$aTESTINST1
=583  \\$acommitted to retain$c20120515$dDecember 31, 2035$fTESTPROGRAM$fTESTPROGRAM Silver$uhttp://localhost/services/testprogram/docs/TESTPROGRAMProgramStatement.pdf
=583  \\$acompleteness reviewed$c20120515$fTESTPROGRAM$fTESTPROGRAM Silver$ivolume-level
=852  0\$aTESTINST1$bHDC$ctestprogram-trust$hLB1028.3$i.E418
=866  30$80$a37(1989)-53(2005)

