=LDR  00696ny  a22002053n 4500
=001  22962154040003841
=003  TestILS
=004  991005909719703841
=005  20210520081218.17
=007  ta
=008  1206200u\\\\0\\\0001ba\\\0\\\\\\\\\\\\\\
=014  1\$a862082$bOCoLC
=022  \\$a0020-2916
=035  \\$a(OCoLC)862082
=035  \\$a(TestILS)c12806274-01asu_inst
=245  10$aBulletin /$cInstitute of Management Sciences.
=561  \\$aTESTINST1
=583  \\$acommitted to retain$c20120620$dDecember 31, 2035$fTESTPROGRAM$fTESTPROGRAM Silver$uhttp://localhost/services/testprogram/docs/TESTPROGRAMProgramStatement.pdf
=583  \\$acompleteness reviewed$c20120620$fTESTPROGRAM$fTESTPROGRAM Silver$ivolume-level$lmissing volumes$zmissing vols.1-13
=852  0\$aTESTINST1$bHDC$ctestprogram-trust
=866  30$80$a14(1967)-16(1970)

