=LDR  00699nx  a22001931n 4500
=003  TestILS
=004  991016536069703841
=007  ta
=001  221148379780003841
=008  2006305u\\\\0\\\0000ba\\\0\\\\\\
=005  20210520081218.18
=022  \\$a0160-5852
=035  \\$a(OCoLC)3178480
=245  00$aOrganizational communication abstracts.
=583  \\$acommitted to retain$c20200630$dDecember 31, 2035$fTESTPROGRAM$fTESTPROGRAM Gold$uhttp://localhost/services/testprogram/docs/TESTPROGRAMProgramStatement.pdf
=583  \\$acompleteness reviewed$c20200630$fTESTPROGRAM$fTESTPROGRAM Gold$iissue level$lmissing issues$zmissing (1974)-(1975)
=583  \\$acondition reviewed$c20200630$fTESTPROGRAM$fTESTPROGRAM Gold$iissue level
=561  \\$aTESTINST1
=852  0\$aTESTINST1$bHDC$ctestprogram-trust$hHM131$i.O66x
=866  30$80$a(1974)-(1975)

