=LDR  00720nx  a22001811n 4500
=003  TestILS
=004  991022914389703841
=007  ta
=001  221045713970003841
=008  1711150u\\\\0\\\0000ba\\\0\\\\\\
=005  20210520081217.77
=022  \\$a0197-307X
=035  \\$a(OCoLC)6003188
=245  10$aConvention - Battery Council International.
=583  \\$acommitted to retain$c20171115$dDecember 31, 2035$fTESTPROGRAM$fTESTPROGRAM Gold$uhttp://localhost/services/testprogram/docs/TESTPROGRAMProgramStatement.pdf
=583  \\$acompleteness reviewed$c20171115$fTESTPROGRAM$fTESTPROGRAM Gold$iissue level$lmissing volumes$zmissing 1975-19832=583  \\$acondition reviewed$c20171115$fTESTPROGRAM$fTESTPROGRAM Gold$iissue level$lloose pages$z1986 loose pages
=561  \\$aTESTINST1
=852  0\$aTESTINST1$bHDC$ctestprogram-trust$hTL272 .B37x
=866  30$80$a(1984)-(1992)

