=LDR  00732    a2200217 n 4500
=001  22870011200003841
=003  TestILS
=004  991007527249703841
=005  20210520081217.49
=007  ta
=008  1505290u\\\\0\\\0001ba\\\0\\\\\\\\\\\\\\
=014  1\$a26068146$bOCoLC
=022  0\$a1064-6000
=035  \\$a(OCoLC)26068146
=035  \\$a(TestILS)c13607509-01asu_inst
=245  00$aAdvances in structural biology.
=561  \\$aTESTINST1
=583  \\$acommitted to retain$c20150529$dDecember 31, 2035$fTESTPROGRAM$fTESTPROGRAM Gold$uhttp://localhost/services/testprogram/docs/TESTPROGRAMProgramStatement.pdf
=583  \\$acompleteness reviewed$c20150529$fTESTPROGRAM$fTESTPROGRAM Gold$iissue-level
=583  \\$acondition reviewed$c20150529$fTESTPROGRAM$fTESTPROGRAM Gold$iissue-level
=852  0\$aTESTINST1$bHDC$ctestprogram-trust
=866  30$80$a1(1991)-6(2000)

