=LDR  00706ny  a22002053n 4500
=001  22932287050003841
=003  TestILS
=004  991032307569703841
=005  20210520081218.03
=007  ta
=008  1306110u\\\\0\\\0001ba\\\0\\\\\\\\\\\\\\
=014  1\$a10075194$bOCoLC
=022  \\$a0364-8656
=035  \\$a(OCoLC)10075194
=035  \\$a(TestILS)c13184465-01asu_inst
=245  00$aTexas studies in English.
=561  \\$aTESTINST1
=583  \\$acommitted to retain$c20130611$dDecember 31, 2035$fTESTPROGRAM$fTESTPROGRAM Silver$uhttp://localhost/services/testprogram/docs/TESTPROGRAMProgramStatement.pdf
=583  \\$acompleteness reviewed$c20130611$fTESTPROGRAM$fTESTPROGRAM Silver$ivolume-level$lReprints$zvols. 36 Reprint
=852  0\$aTESTINST1$bHDC$ctestprogram-trust$hPR13$i.T4
=866  30$80$ano.36(1957)-37(1958)

