=LDR  00690nx  a22001931n 4500
=003  TestILS
=004  991028905479703841
=007  ta
=001  221129425410003841
=008  1908165u\\\\0\\\0000ba\\\0\\\\\\
=005  20210520081218.19
=022  \\$a0732-1902
=035  \\$a(OCoLC)8320217
=245  00$aPro football guide.
=583  \\$acommitted to retain$c20190923$dDecember 31, 2035$fTESTPROGRAM$fTESTPROGRAM Gold$uhttp://localhost/services/testprogram/docs/TESTPROGRAMProgramStatement.pdf
=583  \\$acompleteness reviewed$c20190923$fTESTPROGRAM$fTESTPROGRAM Gold$iissue level$lmissing issues$zmissing 1982
=583  \\$acondition reviewed$c20190923$fTESTPROGRAM$fTESTPROGRAM Gold$iissue level
=561  \\$aTESTINST1
=852  0\$aTESTINST1$bHDC$ctestprogram-trust$hGV955$i.S785
=866  30$80$a(1983)-(2006)

