=LDR  00712nx  a22001931n 4500
=003  TestILS
=004  991025674649703841
=007  ta
=001  221134579200003841
=008  1912315u\\\\0\\\0000ba\\\0\\\\\\
=005  20210520081217.68
=022  \\$a1091-9643
=035  \\$a(OCoLC)36032120
=245  00$aGovernment phone book USA.
=583  \\$acommitted to retain$c20191231$dDecember 31, 2035$fTESTPROGRAM$fTESTPROGRAM Gold$uhttp://localhost/services/testprogram/docs/TESTPROGRAMProgramStatement.pdf
=583  \\$acompleteness reviewed$c20191231$fTESTPROGRAM$fTESTPROGRAM Gold$iissue level$lmissing issues$zmissing (1997)-(2003), (2005)-(2015)
=583  \\$acondition reviewed$c20191231$fTESTPROGRAM$fTESTPROGRAM Gold$iissue level
=561  \\$aTESTINST1
=852  0\$aTESTINST1$bHDC$ctestprogram-trust$hJK6$i.G69x
=866  30$80$ano. 12(2004)

