=LDR  00770ny  a22002173n 4500
=001  22889959710003841
=003  TestILS
=004  991044950229703841
=005  20210520081218.06
=007  ta
=008  1405150u\\\\0\\\0001ba\\\0\\\\\\\\\\\\\\
=014  1\$a23379025$bOCoLC
=022  \\$a0921-7126
=030  \\$aACMMEE
=035  \\$a(OCoLC)23379025
=035  \\$a(TestILS)c13404507-01asu_inst
=245  00$aAi communications :$bthe European journal on artificial intelligence.
=561  \\$aTESTINST1
=583  \\$acommitted to retain$c20140515$dDecember 31, 2035$fTESTPROGRAM$fTESTPROGRAM Silver$uhttp://localhost/services/testprogram/docs/TESTPROGRAMProgramStatement.pdf
=583  \\$acompleteness reviewed$c20140515$fTESTPROGRAM$fTESTPROGRAM Silver$ivolume-level$lmissing volumes$zmissing vol. 0 issue 2-4; vol. 2 issue 3-4; vol. 9 issue 3-4
=852  0\$aTESTINST1$bHDC$ctestprogram-trust
=866  30$80$a0, no.1(1987)-9(1996)

