=LDR  00661nx  a22001811n 4500
=003  TestILS
=004  991007535609703841
=007  ta
=001  221165006450003841
=008  2104260u\\\\0\\\0000ba\\\0\\\\\\
=005  20210520081217.49
=035  \\$a(OCoLC)26288445
=245  00$aChecklists and illustrative financial statements for savings institutions.
=583  \\$acommitted to retain$c20210426$d20351231$fTESTPROGRAM$fTESTPROGRAM Gold$uhttp://localhost/services/testprogram/docs/TESTPROGRAMProgramStatement.pdf
=583  \\$acompleteness reviewed$c20210426$fTESTPROGRAM$fTESTPROGRAM Gold$iissue level$lmissing issues$zmissing (1992)-(1993)
=583  \\$acondition reviewed$c20210426$fTESTPROGRAM$fTESTPROGRAM Gold$iissue level
=561  \\$aTESTINST1
=852  0\$aTESTINST1$bHDC$ctestprogram-trust$hHF5686.B8$iD57x
=866  30$80$a(1994)

