=LDR  00763ny  a22002413n 4500
=001  22947266870003841
=003  TestILS
=004  991011686899703841
=005  20210520081218.13
=007  ta
=008  1206290u\\\\0\\\0001ba\\\0\\\\\\\\\\\\\\
=014  1\$a1754714$bOCoLC
=022  \\$a0022-3360
=035  \\$a(OCoLC)1754714
=035  \\$a(TestILS)c12807734-01asu_inst
=245  00$aJournal of paleontology.
=561  \\$aTESTINST1
=561  \\$aCUZ
=561  \\$aCCO
=583  \\$acommitted to retain$c20120629$dDecember 31, 2035$fTESTPROGRAM$fTESTPROGRAM Silver$uhttp://localhost/services/testprogram/docs/TESTPROGRAMProgramStatement.pdf
=583  \\$acompleteness reviewed$c20120629$fTESTPROGRAM$fTESTPROGRAM Silver$ivolume-level$lreprints$zv.1-3 reprints
=852  0\$aTESTINST1$bHDC$ctestprogram-trust
=866  30$80$a1(1927)-79(2005)
=868  30$80$a1(1927)-50(1976)

