=LDR  00668nx  a22001811n 4500
=003  TestILS
=004  991045600439703841
=007  ta
=001  221157064510003841
=008  2011230u\\\\0\\\0000ba\\\0\\\\\\
=005  20210520081218.07
=022  \\$a1080-9015
=035  \\$a(OCoLC)28154340
=245  10$aID :$bthe voice of foodservice distribution.
=583  \\$acommitted to retain$c20201123$dDecember 31, 2035$fTESTPROGRAM$fTESTPROGRAM Silver$uhttp://localhost/services/testprogram/docs/TESTPROGRAMProgramStatement.pdf
=583  \\$acompleteness reviewed$c20201123$fTESTPROGRAM$fTESTPROGRAM Silver$ivolume level$lmissing volumes$zmissing v.31:3,6(1995); v.32:1-8(1996); v.37:1-7(2001)
=561  \\$aTESTINST1
=852  0\$aTESTINST1$bHDC$ctestprogram-trust$hHD9001$i.I52
=866  30$80$a29(1993)-38(2002)

