=LDR  00661ny  a22002053n 4500
=001  22937104440003841
=003  TestILS
=004  991011445169703841
=005  20210520081217.71
=007  ta
=008  1206070u\\\\0\\\0001ba\\\0\\\\\\\\\\\\\\
=014  1\$a1408678$bOCoLC
=022  0\$a0190-3659
=035  \\$a(OCoLC)1408678
=035  \\$a(TestILS)c12791623-01asu_inst
=245  00$aBoundary 2.
=561  \\$aTESTINST1
=583  \\$acommitted to retain$c20120607$dDecember 31, 2035$fTESTPROGRAM$fTESTPROGRAM Silver$uhttp://localhost/services/testprogram/docs/TESTPROGRAMProgramStatement.pdf
=583  \\$acompleteness reviewed$c20120607$fTESTPROGRAM$fTESTPROGRAM Silver$ivolume-level
=852  0\$aTESTINST1$bHDC$ctestprogram-trust
=866  30$80$a1(1973)-32(2005)

