=LDR  00729nx  a22001931n 4500
=003  TestILS
=004  991045257239703841
=007  ta
=001  221103118890003841
=008  1903045u\\\\0\\\0000ba\\\0\\\\\\
=005  20210520081218.07
=022  \\$a1532-3595
=035  \\$a(OCoLC)43979340
=245  10$aMarket scope.$pThe desktop guide to supermarket share.
=583  \\$acommitted to retain$c20190304$dDecember 31, 2035$fTESTPROGRAM$fTESTPROGRAM Gold$uhttp://localhost/services/testprogram/docs/TESTPROGRAMProgramStatement.pdf
=583  \\$acompleteness reviewed$c20190304$fTESTPROGRAM$fTESTPROGRAM Gold$iissue level$lmissing issues$zmissing (2005), (2007), (2009)
=583  \\$acondition reviewed$c20190304$fTESTPROGRAM$fTESTPROGRAM Gold$iissue level
=561  \\$aTESTINST1
=852  0\$aTESTINST1$bHDC$ctestprogram-trust$hHD 9321.2$i.M39x
=866  30$80$a(2000)-(2004), (2006), (2008)

