=LDR  00723nx  a22001931n 4500
=003  TestILS
=004  991014187659703841
=007  ta
=001  221147868860003841
=008  2006265u\\\\0\\\0000ba\\\0\\\\\\
=005  20210520081217.93
=022  \\$a0210-475X
=035  \\$a(OCoLC)2472814
=245  10$aBoletín del Centro de Estudios del Siglo XVIII.
=583  \\$acommitted to retain$c20200630$dDecember 31, 2035$fTESTPROGRAM$fTESTPROGRAM Gold$uhttp://localhost/services/testprogram/docs/TESTPROGRAMProgramStatement.pdf
=583  \\$acompleteness reviewed$c20200630$fTESTPROGRAM$fTESTPROGRAM Gold$iissue level$lmissing issues$zmissing (1973)-(1974), (1984)-(1985)
=583  \\$acondition reviewed$c20200630$fTESTPROGRAM$fTESTPROGRAM Gold$iissue level
=561  \\$aTESTINST1
=852  0\$aTESTINST1$bHDC$ctestprogram-trust$hDP192.5$i.O95a
=866  30$80$ano. 3(1975)-11(1983)

