=LDR  00590nx  a22001811n 4500
=003  TestILS
=004  991011654379703841
=007  ta
=001  221157893830003841
=008  2012070u\\\\0\\\0000ba\\\0\\\\\\
=005  20210520081217.61
=022  \\$a0547-8375
=035  \\$a(OCoLC)1714853
=245  18$aThe ... yearbook of the National Reading Conference.
=583  \\$acommitted to retain$c20201207$d20351231$fTESTPROGRAM$fTESTPROGRAM Silver$uhttp://localhost/services/testprogram/docs/TESTPROGRAMProgramStatement.pdf
=583  \\$acompleteness reviewed$c20201207$fTESTPROGRAM$fTESTPROGRAM Silver$ivolume level
=561  \\$aTESTINST1
=852  0\$aTESTINST1$bHDC$ctestprogram-trust$hLB2365.R4$iN3
=866  30$80$ano. 10(1960)-59(2010)

