=LDR  00789    a2200217 n 4500
=001  22841869410003841
=003  TestILS
=004  991030592139703841
=005  20210520081217.58
=007  ta
=008  1701040u\\\\0\\\0001ba\\\0\\\\\\\\\\\\\\
=014  1\$a9506053$bOCoLC
=022  \\$a0890-6882
=035  \\$a(OCoLC)9506053
=035  \\$a(TestILS)c1410054x-01asu_inst
=245  00$aNatural history inventory of Colorado.
=561  \\$aTESTINST1
=583  \\$acommitted to retain$c20170104$dDecember 31, 2035$fTESTPROGRAM$fTESTPROGRAM Gold$uhttp://localhost/services/testprogram/docs/TESTPROGRAMProgramStatement.pdf
=583  \\$acompleteness reviewed$c20170104$fTESTPROGRAM$fTESTPROGRAM Gold$iissue-level$lmissing volumes$zmissing v.9-11, 23
=583  \\$acondition reviewed$c20170104$fTESTPROGRAM$fTESTPROGRAM Gold$iissue-level
=852  0\$aTESTINST1$bHDC$ctestprogram-trust
=866  30$80$ano.1(1976)-8(1984), 12(1992)-22(2004)

