=LDR  00681ny  a22002173n 4500
=001  22826007770003841
=003  TestILS
=004  991014212359703841
=005  20210520081218.15
=007  ta
=008  1404160u\\\\0\\\0001ba\\\0\\\\\\\\\\\\\\
=014  1\$a2669982$bOCoLC
=022  \\$a0027-4801
=035  \\$a(OCoLC)2669982
=035  \\$a(TestILS)c13382366-01asu_inst
=245  04$aDie Musikforschung.
=561  \\$aTESTINST1
=561  \\$aAZU
=583  \\$acommitted to retain$c20140416$dDecember 31, 2035$fTESTPROGRAM$fTESTPROGRAM Silver$uhttp://localhost/services/testprogram/docs/TESTPROGRAMProgramStatement.pdf
=583  \\$acompleteness reviewed$c20140416$fTESTPROGRAM$fTESTPROGRAM Silver$ivolume-level
=852  0\$aTESTINST1$bHDC$ctestprogram-trust
=866  30$80$a1(1948)-58(2005)

