=LDR  00696nx  a22001931n 4500
=003  TestILS
=004  991033890519703841
=007  ta
=001  221117848970003841
=008  1908165u\\\\0\\\0000ba\\\0\\\\\\
=005  20210520081218.00
=022  \\$a0749-6885
=035  \\$a(OCoLC)11124077
=245  00$aAlternative library literature :$ba biennial anthology.
=583  \\$acommitted to retain$c20190823$dDecember 31, 2035$fTESTPROGRAM$fTESTPROGRAM Gold$uhttp://localhost/services/testprogram/docs/TESTPROGRAMProgramStatement.pdf
=583  \\$acompleteness reviewed$c20190823$fTESTPROGRAM$fTESTPROGRAM Gold$iissue level$lmissing issues$z2000/2001 missing
=583  \\$acondition reviewed$c20190823$fTESTPROGRAM$fTESTPROGRAM Gold$iissue level
=561  \\$aTESTINST1
=852  0\$aTESTINST1$bHDC$ctestprogram-trust$hZ716.4$i.A47
=866  30$80$a(1982)-(1999)

