=LDR  00813ny  a22002293n 4500
=001  22937087090003841
=003  TestILS
=004  991011444719703841
=005  20210520081217.71
=007  ta
=008  1206250u\\\\0\\\0001ba\\\0\\\\\\\\\\\\\\
=014  1\$a1403239$bOCoLC
=022  \\$a0962-8436 $y 0080-4622
=030  \\$aPTRBAE
=035  \\$a(OCoLC)1403239
=035  \\$a(TestILS)c12806602-01asu_inst
=245  00$aPhilosophical transactions of the Royal Society of London.$nSeries B,$pBiological sciences.
=561  \\$aTESTINST1
=561  \\$aUBY
=583  \\$acommitted to retain$c20120625$dDecember 31, 2035$fTESTPROGRAM$fTESTPROGRAM Silver$uhttp://localhost/services/testprogram/docs/TESTPROGRAMProgramStatement.pdf
=583  \\$acompleteness reviewed$c20120625$fTESTPROGRAM$fTESTPROGRAM Silver$ivolume-level$lmissing volumes$zmissing vols. 231, 312
=852  0\$aTESTINST1$bHDC$ctestprogram-trust$hQ41$i.L8
=866  30$80$a224(1935)-230(1941), 232(1947)-311(1985), 313(1986)-360(2005)

