=LDR  00701ny  a22002293n 4500
=001  22948027970003841
=003  TestILS
=004  991017664399703841
=005  20210520081217.63
=007  ta
=008  1308130u\\\\0\\\0001ba\\\0\\\\\\\\\\\\\\
=014  1\$a1778547$bOCoLC
=022  0\$a1060-1805
=035  \\$a(OCoLC)1778547
=035  \\$a(TestILS)c13230657-01asu_inst
=245  10$aProceedings of the American Society of Microscopists.
=561  \\$aTESTINST1
=561  \\$aLLU
=561  \\$aOKU
=583  \\$acommitted to retain$c20130813$dDecember 31, 2035$fTESTPROGRAM$fTESTPROGRAM Silver$uhttp://localhost/services/testprogram/docs/TESTPROGRAMProgramStatement.pdf
=583  \\$acompleteness reviewed$c20130813$fTESTPROGRAM$fTESTPROGRAM Silver$ivolume-level
=852  0\$aTESTINST1$bHDC$ctestprogram-trust
=866  30$80$a1(1878)-13(1891)

