=LDR  00726nx  a22001931n 4500
=003  TestILS
=004  991023637139703841
=007  ta
=001  221148379880003841
=008  2006305u\\\\0\\\0000ba\\\0\\\\\\
=005  20210520081217.42
=022  \\$a0897-2354
=035  \\$a(OCoLC)25937395
=245  00$aAkwe:kon =$bAll of us : a journal of indigenous issues.
=583  \\$acommitted to retain$c20200630$dDecember 31, 2035$fTESTPROGRAM$fTESTPROGRAM Gold$uhttp://localhost/services/testprogram/docs/TESTPROGRAMProgramStatement.pdf
=583  \\$acompleteness reviewed$c20200630$fTESTPROGRAM$fTESTPROGRAM Gold$iissue level$lmissing issues$zmissing v.9:1,3-4(1992), v.10, v.11:1-2(1994)
=583  \\$acondition reviewed$c20200630$fTESTPROGRAM$fTESTPROGRAM Gold$iissue level
=561  \\$aTESTINST1
=852  0\$aTESTINST1$bHDC$ctestprogram-trust$hE51$i.N33x
=866  30$80$a9(1992), 11(1994)

