=LDR  00697ny  a22002173n 4500
=001  22916090810003841
=003  TestILS
=004  991011662279703841
=005  20210520081217.61
=007  ta
=008  1306110u\\\\0\\\0001ba\\\0\\\\\\\\\\\\\\
=014  1\$a1717063$bOCoLC
=022  \\$a0042-5702
=035  \\$a(OCoLC)1717063
=035  \\$a(TestILS)c13184532-01asu_inst
=245  00$aVierteljahrshefte für Zeitgeschichte.
=561  \\$aTESTINST1
=583  \\$acommitted to retain$c20130611$dDecember 31, 2035$fTESTPROGRAM$fTESTPROGRAM Silver$uhttp://localhost/services/testprogram/docs/TESTPROGRAMProgramStatement.pdf
=583  \\$acompleteness reviewed$c20130611$fTESTPROGRAM$fTESTPROGRAM Silver$ivolume-level
=852  0\$aTESTINST1$bHDC$ctestprogram-trust
=866  30$80$a1(1953)-53(2005)
=868  30$80$a1(1953)-45(1997)

