=LDR  00695nx  a22001811n 4500
=003  TestILS
=004  991032339149703841
=007  ta
=001  221114405690003841
=008  1908080u\\\\0\\\0000ba\\\0\\\\\\
=005  20210520081218.04
=022  \\$a0743-9326
=035  \\$a(OCoLC)10584529
=245  00$aFodor's Chicago.
=583  \\$acommitted to retain$c20190808$dDecember 31, 2035$fTESTPROGRAM$fTESTPROGRAM Silver$uhttp://localhost/services/testprogram/docs/TESTPROGRAMProgramStatement.pdf
=583  \\$acompleteness reviewed$c20190808$fTESTPROGRAM$fTESTPROGRAM Silver$ivolume level$lmissing volumes$zmissing 1985-1988, 1996, 1998, 2004, 2006-2015
=561  \\$aTESTINST1
=852  0\$aTESTINST1$bHDC$ctestprogram-trust$hF548.18$i.F6
=866  30$80$a(1984), (1989)-(1995), (1997), (1999)-(2003), (2005)

