=LDR  00702nx  a22001931n 4500
=003  TestILS
=004  991007483559703841
=007  ta
=001  221171328780003841
=008  2105110u\\\\0\\\0000ba\\\0\\\\\\
=005  20210520081218.17
=022  \\$a2151-3856
=035  \\$a(OCoLC)57515678
=245  00$aChecklists and illustrative financial statements for state and local governments.
=583  \\$acommitted to retain$c20210511$d20351231$fTESTPROGRAM$fTESTPROGRAM Gold$uhttp://localhost/services/testprogram/docs/TESTPROGRAMProgramStatement.pdf
=583  \\$acompleteness reviewed$c20210511$fTESTPROGRAM$fTESTPROGRAM Gold$iissue level$lmissing issues$zmissing (2004)-(2007), (2009) and after
=583  \\$acondition reviewed$c20210511$fTESTPROGRAM$fTESTPROGRAM Gold$iissue level
=561  \\$aTESTINST1
=852  0\$aTESTINST1$bHDC$ctestprogram-trust$hHJ9771$i.C45
=866  30$80$a(2008)

