=LDR  00751nx  a22001931n 4500
=003  TestILS
=004  991025088619703841
=007  ta
=001  221058808970003841
=008  1801235u\\\\0\\\0000ba\\\0\\\\\\
=005  20210520081217.44
=022  \\$a0035-6220
=035  \\$a(OCoLC)6318575
=245  00$aRivista di filologia e d'istruzione classica.
=583  \\$acommitted to retain$c20180415$dDecember 31, 2035$fTESTPROGRAM$fTESTPROGRAM Gold$uhttp://localhost/services/testprogram/docs/TESTPROGRAMProgramStatement.pdf
=583  \\$acompleteness reviewed$c20180405$fTESTPROGRAM$fTESTPROGRAM Gold$iissue level$lmissing volumes$zmissing v.23-95; v.116-133
=583  \\$acondition reviewed$c20180415$fTESTPROGRAM$fTESTPROGRAM Gold$iissue level$lReprints$zv.1-22 Reprints
=561  \\$aTESTINST1
=852  0\$aTESTINST1$bHDC$ctestprogram-trust$hPA9 .R5x
=866  30$80$a1(1873)-22(1894), 96(1968)-119(1991)

