=LDR  00754    a2200229 n 4500
=001  22897286720003841
=003  TestILS
=004  991022344229703841
=005  20210520081217.37
=007  ta
=008  1505220u\\\\0\\\0001ba\\\0\\\\\\\\\\\\\\
=014  1\$a4315770$bOCoLC
=022  \\$a1010-0733
=035  \\$a(OCoLC)4315770
=035  \\$a(TestILS)c13604776-01asu_inst
=245  00$6880-01$aDong Wu wen shi xue bao.$bSoochow journal of humanities.
=561  \\$aTESTINST1
=561  \\$aWAU
=583  \\$acommitted to retain$c20150522$dDecember 31, 2035$fTESTPROGRAM$fTESTPROGRAM Gold$uhttp://localhost/services/testprogram/docs/TESTPROGRAMProgramStatement.pdf
=583  \\$acompleteness reviewed$c20150522$fTESTPROGRAM$fTESTPROGRAM Gold$iissue-level
=583  \\$acondition reviewed$c20150522$fTESTPROGRAM$fTESTPROGRAM Gold$iissue-level
=852  0\$aTESTINST1$bHDC$ctestprogram-trust
=866  30$80$ano.1(1976)-12(1994)

