=LDR  00832    a2200241 n 4500
=001  22968168310003841
=003  TestILS
=004  991011724159703841
=005  20210520081217.47
=007  ta
=008  1310170u\\\\0\\\0001ba\\\0\\\\\\\\\\\\\\
=014  1\$a1763506$bOCoLC
=022  \\$a0034-1266
=035  \\$a(OCoLC)1763506
=035  \\$a(TestILS)c1326588x-01asu_inst
=245  00$aRecherches de théologie ancienne et médiévale.
=561  \\$aTESTINST1
=561  \\$aCUS
=561  \\$aCUF
=583  \\$acommitted to retain$c20131017$dDecember 31, 2035$fTESTPROGRAM$fTESTPROGRAM Gold$uhttp://localhost/services/testprogram/docs/TESTPROGRAMProgramStatement.pdf
=583  \\$acompleteness reviewed$c20131017$fTESTPROGRAM$fTESTPROGRAM Gold$iissue-level$lmissing volumes$zmissing vols. 1-11, 22
=583  \\$acondition reviewed$c20131017$fTESTPROGRAM$fTESTPROGRAM Gold$iissue-level
=852  0\$aTESTINST1$bHDC$ctestprogram-trust
=866  30$80$a12(1940)-21(1954), 23(1956)-63(1996)

