=LDR  00641ny  a22001933n 4500
=001  22949367580003841
=003  TestILS
=004  991013862849703841
=005  20210520081217.63
=007  ta
=008  1408150u\\\\0\\\0001ba\\\0\\\\\\\\\\\\\\
=014  1\$a5397856$bOCoLC
=035  \\$a(OCoLC)5397856
=035  \\$a(TestILS)c13502153-01asu_inst
=245  00$aCorrectional education :$bjournal of the Correctional Education Association.
=561  \\$aTESTINST1
=583  \\$acommitted to retain$c20140815$dDecember 31, 2035$fTESTPROGRAM$fTESTPROGRAM Silver$uhttp://localhost/services/testprogram/docs/TESTPROGRAMProgramStatement.pdf
=583  \\$acompleteness reviewed$c20140815$fTESTPROGRAM$fTESTPROGRAM Silver$ivolume-level
=852  0\$aTESTINST1$bHDC$ctestprogram-trust$hHV8875$i.J67
=866  30$80$a25(1973)

