=LDR  00784    a2200217 n 4500
=001  22918879980003841
=003  TestILS
=004  991030556429703841
=005  20210520081217.46
=007  ta
=008  1404160u\\\\0\\\0001ba\\\0\\\\\\\\\\\\\\
=014  1\$a8869241$bOCoLC
=022  0\$a0745-1520
=035  \\$a(OCoLC)8869241
=035  \\$a(TestILS)c13402316-01asu_inst
=245  10$aWassaja.
=561  \\$aTESTINST1
=583  \\$acommitted to retain$c20140416$dDecember 31, 2035$fTESTPROGRAM$fTESTPROGRAM Gold$uhttp://localhost/services/testprogram/docs/TESTPROGRAMProgramStatement.pdf
=583  \\$acompleteness reviewed$c20140416$fTESTPROGRAM$fTESTPROGRAM Gold$iissue-level$lmissing issues$zmissing vol. 10 issue 4
=583  \\$acondition reviewed$c20140416$fTESTPROGRAM$fTESTPROGRAM Gold$iissue-level
=852  0\$aTESTINST1$bHDC$ctestprogram-trust$hE75$i.W37x
=866  30$80$a9(1982)-10(1983)

