=LDR  00809nx  a22002051n 4500
=003  TestILS
=004  991011625899703841
=007  ta
=001  221050008680003841
=008  1801235u\\\\0\\\0000ba\\\0\\\\\\
=005  20210520081217.91
=022  \\$a0024-1466
=035  \\$a(OCoLC)1643794
=245  00$aLeukemia abstracts.
=583  \\$acommitted to retain$c20180123$dDecember 31, 2035$fTESTPROGRAM$fTESTPROGRAM Gold$uhttp://localhost/services/testprogram/docs/TESTPROGRAMProgramStatement.pdf
=583  \\$acompleteness reviewed$c20180123$fTESTPROGRAM$fTESTPROGRAM Gold$iissue level$lmissing volumes$zmissing v.31-32$lmissing issues$zmissing v.2:7; v.3:8-9,11; v.4:4,8-9,11; v.5:1-5,12; v.30:3-12
=583  \\$acondition reviewed$c20180123$fTESTPROGRAM$fTESTPROGRAM Gold$iissue level
=561  \\$aTESTINST1
=852  0\$aTESTINST1$bHDC$ctestprogram-trust$hRC643 .L4
=866  30$80$a1(1953)-30(1982)
=867  30$80$a1(1953)-2(1954)

