=LDR  00860    a2200241 n 4500
=001  22929921650003841
=003  TestILS
=004  991014204719703841
=005  20210520081218.15
=007  ta
=008  1405150u\\\\0\\\0001ba\\\0\\\\\\\\\\\\\\
=014  1\$a2604347$bOCoLC
=022  \\$a0381-6605
=035  \\$a(OCoLC)2604347
=035  \\$a(TestILS)c13404428-01asu_inst
=245  04$aThe Journal of otolaryngology.$bLe journal d'oto-rhino-laryngologie.
=561  \\$aTESTINST1
=561  \\$aCUS
=583  \\$acommitted to retain$c20140515$dDecember 31, 2035$fTESTPROGRAM$fTESTPROGRAM Silver$uhttp://localhost/services/testprogram/docs/TESTPROGRAMProgramStatement.pdf
=583  \\$acompleteness reviewed$c20140515$fTESTPROGRAM$fTESTPROGRAM Silver$ivolume level
=852  0\$aTESTINST1$bHDC$ctestprogram-trust$hRF1$i.J68x
=866  30$80$a12(1983)-34(2005)
=867  30$80$a6(1977)-7(1978), 9(1980)-11(1982), 13(1984), 19(1990)-23(1994), 25(1996)-27(1998), 30(2001)-31(2002), 33(2004)
=868  30$80$a5(1976)-10(1981)

