=LDR  00782ny  a22002053n 4500
=001  22938753570003841
=003  TestILS
=004  991013863919703841
=005  20210520081217.63
=007  ta
=008  1404160u\\\\0\\\0001ba\\\0\\\\\\\\\\\\\\
=014  1\$a1769231$bOCoLC
=022  \\$a0375-4774$l0375-4774
=035  \\$a(OCoLC)1769231
=035  \\$a(TestILS)c13382342-01asu_inst
=245  00$aVita humana.
=561  \\$aTESTINST1
=583  \\$acommitted to retain$c20140416$dDecember 31, 2035$fTESTPROGRAM$fTESTPROGRAM Silver$uhttp://localhost/services/testprogram/docs/TESTPROGRAMProgramStatement.pdf
=583  \\$acompleteness reviewed$c20140416$fTESTPROGRAM$fTESTPROGRAM Silver$ivolume-level$lbinding patterns vary$zvols. 1-3, 4-6 bound together, vol. 7 bound with vol. 8 of succeeding title
=852  0\$aTESTINST1$bHDC$ctestprogram-trust$hQP86$i.V5
=866  30$80$a1(1958)-7(1964)

