=LDR  00660nx  a22001931n 4500
=003  TestILS
=004  991041208819703841
=007  ta
=001  221095816280003841
=008  1810265u\\\\0\\\0000ba\\\0\\\\\\
=005  20210520081217.59
=022  \\$a0254-296X
=035  \\$a(OCoLC)19321527
=245  00$aInternational travel and health.
=583  \\$acommitted to retain$c20181026$dDecember 31, 2035$fTESTPROGRAM$fTESTPROGRAM Gold$uhttp://localhost/services/testprogram/docs/TESTPROGRAMProgramStatement.pdf
=583  \\$acompleteness reviewed$c20181026$fTESTPROGRAM$fTESTPROGRAM Gold$iissue level
=583  \\$acondition reviewed$c20181026$fTESTPROGRAM$fTESTPROGRAM Gold$iissue level
=561  \\$aTESTINST1
=852  0\$aTESTINST1$bHDC$ctestprogram-trust$hRA638$i.W6x
=866  30$80$a(1989)-(2001)

