=LDR  00695nx  a22001811n 4500
=003  TestILS
=004  991007511829703841
=007  ta
=001  221067402830003841
=008  1805165u\\\\0\\\0000ba\\\0\\\\\\
=005  20210520081217.49
=035  \\$a(OCoLC)25566912
=245  00$aCDA/Wiesenberger mutual funds update.
=583  \\$acommitted to retain$c20180523$dDecember 31, 2035$fTESTPROGRAM$fTESTPROGRAM Gold$uhttp://localhost/services/testprogram/docs/TESTPROGRAMProgramStatement.pdf
=583  \\$acompleteness reviewed$c20180523$fTESTPROGRAM$fTESTPROGRAM Gold$iissue level$lmissing volumes$zmissing v.4; v.11-16
=583  \\$acondition reviewed$c20180523$fTESTPROGRAM$fTESTPROGRAM Gold$iissue level
=561  \\$aTESTINST1
=852  0\$aTESTINST1$bHDC$ctestprogram-trust$hHG 4930 .C43x
=866  30$80$a1(1992)-3(1994), 5(1995)-10(2001)

