=LDR  00721    a2200205 n 4500
=001  22940189520003841
=003  TestILS
=004  991008529149703841
=005  20210520081217.50
=007  ta
=008  1308070u\\\\0\\\0001ba\\\0\\\\\\\\\\\\\\
=014  1\$a11535095$bOCoLC
=035  \\$a(OCoLC)11535095
=035  \\$a(TestILS)c13230207-01asu_inst
=245  00$aSan Diego Historical Society quarterly.
=561  \\$aAZU
=583  \\$acommitted to retain$c20130807$dDecember 31, 2035$fTESTPROGRAM$fTESTPROGRAM Gold$uhttp://localhost/services/testprogram/docs/TESTPROGRAMProgramStatement.pdf
=583  \\$acompleteness reviewed$c20130807$fTESTPROGRAM$fTESTPROGRAM Gold$iissue-level
=583  \\$acondition reviewed$c20130807$fTESTPROGRAM$fTESTPROGRAM Gold$iissue-level
=852  0\$aTESTINST1$bHDC$ctestprogram-trust$hF868.S15$iJ6
=866  30$80$a1(1955)-10(1964)

