=LDR  00732    a2200217 n 4500
=001  22906672010003841
=003  TestILS
=004  991021819889703841
=005  20210520081217.36
=007  ta
=008  1404160u\\\\0\\\0001ba\\\0\\\\\\\\\\\\\\
=014  1\$a1604249$bOCoLC
=022  0\$a0315-2030
=035  \\$a(OCoLC)1604249
=035  \\$a(TestILS)c13401476-01asu_inst
=245  00$aCanadian journal of research.$nSection F,$pTechnology.
=561  \\$aTESTINST1
=583  \\$acommitted to retain$c20140416$dDecember 31, 2035$fTESTPROGRAM$fTESTPROGRAM Gold$uhttp://localhost/services/testprogram/docs/TESTPROGRAMProgramStatement.pdf
=583  \\$acompleteness reviewed$c20140416$fTESTPROGRAM$fTESTPROGRAM Gold$iissue-level
=583  \\$acondition reviewed$c20140416$fTESTPROGRAM$fTESTPROGRAM Gold$iissue-level
=852  0\$aTESTINST1$bHDC$ctestprogram-trust
=866  30$80$a22(1944)-28(1950)

