=LDR  00626    a2200193 n 4500
=001  22881107170003841
=003  TestILS
=004  991018842129703841
=005  20210520081217.71
=007  ta
=008  1505290u\\\\0\\\0001ba\\\0\\\\\\\\\\\\\\
=014  1\$a3860612$bOCoLC
=022  \\$a0115-4451
=035  \\$a(OCoLC)3860612
=035  \\$a(TestILS)c13606918-01asu_inst
=245  00$aPhilippine political science journal.
=561  \\$aTESTINST1
=583  \\$acommitted to retain$c20130614$dDecember 31, 2035$fTESTPROGRAM$fTESTPROGRAM Bronze$uhttp://localhost/services/testprogram/docs/TESTPROGRAMProgramStatement.pdf
=852  0\$aTESTINST1$bHDC$ctestprogram-trust
=866  30$80$ano.1(1974), 5-6(1977), 9(1979), 15-16(1982), 29(1989)-49(2005)

