=LDR  00788nx  a22001811n 4500
=003  TestILS
=004  991011640809703841
=007  ta
=001  221106397090003841
=008  1905150u\\\\0\\\0000ba\\\0\\\\\\
=005  20210520081217.60
=022  \\$a0032-8456
=035  \\$a(OCoLC)1695247
=245  04$aThe Princeton University library chronicle.
=583  \\$acommitted to retain$c20190515$dDecember 31, 2035$fTESTPROGRAM$fTESTPROGRAM Silver$uhttp://localhost/services/testprogram/docs/TESTPROGRAMProgramStatement.pdf
=583  \\$acompleteness reviewed$c20190515$fTESTPROGRAM$fTESTPROGRAM Silver$ivolume level$lmissing volumes$zmissing v.3(1941/42)-6(1944/45); v.9:1-2(1947/48); v.18(1956/57); v.70 no.1,3(2008/09); v.71(2009/10)-76(2015)
=561  \\$aTESTINST1
=852  0\$aTESTINST1$bHDC$ctestprogram-trust$hZ733.P93$iC5
=866  30$80$a1(1939/1940)-2(1940/1941), 7(1945/1946)-17(1955/1956), 19(1957/1958)-70(2008/2009)

