=LDR  00728nx  a22001811n 4500
=003  TestILS
=004  991028934989703841
=007  ta
=001  221114405630003841
=008  1908080u\\\\0\\\0000ba\\\0\\\\\\
=005  20210520081218.20
=022  \\$a0734-6905
=035  \\$a(OCoLC)8788448
=245  04$aThe National pastime.
=583  \\$acommitted to retain$c20190808$dDecember 31, 2035$fTESTPROGRAM$fTESTPROGRAM Silver$uhttp://localhost/services/testprogram/docs/TESTPROGRAMProgramStatement.pdf
=583  \\$acompleteness reviewed$c20190808$fTESTPROGRAM$fTESTPROGRAM Silver$ivolume level$lmissing volumes$zmissing (1982)-(1984), (1986), (1991), (2013)-(2015)
=561  \\$aTESTINST1
=852  0\$aTESTINST1$bHDC$ctestprogram-trust$hGV863.A1$iN39
=866  30$80$a(1985), (1987)-(1990), (1992)-(1994) no.15(1995)-28(2008); no.39(2009)-42(2012)

