=LDR  00690ny  a22002053n 4500
=001  22960341060003841
=003  TestILS
=004  991045593779703841
=005  20210520081218.07
=007  ta
=008  1405080u\\\\0\\\0001ba\\\0\\\\\\\\\\\\\\
=014  1\$a31356724$bOCoLC
=022  0\$a1201-2319
=035  \\$a(OCoLC)31356724
=035  \\$a(TestILS)c13403631-01asu_inst
=245  10$aJournal /$cCAHPERD = ACSEPLD.
=561  \\$aTESTINST1
=583  \\$acommitted to retain$c20140508$dDecember 31, 2035$fTESTPROGRAM$fTESTPROGRAM Silver$uhttp://localhost/services/testprogram/docs/TESTPROGRAMProgramStatement.pdf
=583  \\$acompleteness reviewed$c20140508$fTESTPROGRAM$fTESTPROGRAM Silver$ivolume-level
=852  0\$aTESTINST1$bHDC$ctestprogram-trust$hGV201$i.C35x
=866  30$80$a60, no.3(1994)-66, no.2(2000)

