=LDR  00749    a2200217 n 4500
=001  22914718570003841
=003  TestILS
=004  991016524349703841
=005  20210520081218.11
=007  ta
=008  1401170u\\\\0\\\0001ba\\\0\\\\\\\\\\\\\\
=014  1\$a3045363$bOCoLC
=022  0\$a0886-4071
=035  \\$a(OCoLC)3045363
=035  \\$a(TestILS)c1338126x-01asu_inst
=245  04$aThe Advanced animal breeder.
=561  \\$aTESTINST1
=583  \\$acommitted to retain$c20140117$dDecember 31, 2035$fTESTPROGRAM$fTESTPROGRAM Gold$uhttp://localhost/services/testprogram/docs/TESTPROGRAMProgramStatement.pdf
=583  \\$acompleteness reviewed$c20140117$fTESTPROGRAM$fTESTPROGRAM Gold$iissue-level
=583  \\$acondition reviewed$c20140117$fTESTPROGRAM$fTESTPROGRAM Gold$iissue-level
=852  0\$aTESTINST1$bHDC$ctestprogram-trust$hSF1$i.N38
=866  30$80$a25, no.4(1977)-33(1985)

