=LDR  00800    a2200241 n 4500
=001  22937649500003841
=003  TestILS
=004  991011457669703841
=005  20210520081217.71
=007  ta
=008  1505150u\\\\0\\\0001ba\\\0\\\\\\\\\\\\\\
=014  1\$a1461183$bOCoLC
=022  \\$a0065-2539
=030  \\$aAEEPAR
=035  \\$a(OCoLC)1461183
=035  \\$a(TestILS)c13598326-01asu_inst
=245  00$aAdvances in electronics and electron physics.
=561  \\$aTESTINST1
=561  \\$aCUZ
=583  \\$acommitted to retain$c20150515$dDecember 31, 2035$fTESTPROGRAM$fTESTPROGRAM Gold$uhttp://localhost/services/testprogram/docs/TESTPROGRAMProgramStatement.pdf
=583  \\$acompleteness reviewed$c20150515$fTESTPROGRAM$fTESTPROGRAM Gold$iissue-level
=583  \\$acondition reviewed$c20150515$fTESTPROGRAM$fTESTPROGRAM Gold$iissue-level$lReprints$zv.1-5 Reprints
=852  0\$aTESTINST1$bHDC$ctestprogram-trust
=866  30$80$a1(1948)-89(1994)

