=LDR  00666ny  a22002053n 4500
=001  22947441760003841
=003  TestILS
=004  991025108479703841
=005  20210520081217.41
=007  ta
=008  1605200u\\\\0\\\0001ba\\\0\\\\\\\\\\\\\\
=014  1\$a6527310$bOCoLC
=022  0\$a0274-9483
=035  \\$a(OCoLC)6527310
=035  \\$a(TestILS)c13832384-01asu_inst
=245  00$aJournal of the Association for the Severely Handicapped :$bJASH.
=561  \\$aTESTINST1
=583  \\$acommitted to retain$c20160520$dDecember 31, 2035$fTESTPROGRAM$fTESTPROGRAM Silver$uhttp://localhost/services/testprogram/docs/TESTPROGRAMProgramStatement.pdf
=583  \\$acompleteness reviewed$c20160520$fTESTPROGRAM$fTESTPROGRAM Silver$ivolume-level
=852  0\$aTESTINST1$bHDC$ctestprogram-trust
=866  30$80$a5(1980)-8, no.3(1983)

