=LDR  00662nx  a22001931n 4500
=003  TestILS
=004  991027186649703841
=007  ta
=001  221126707920003841
=008  1908165u\\\\0\\\0000ba\\\0\\\\\\
=005  20210520081217.80
=022  \\$a0278-3509
=035  \\$a(OCoLC)7793423
=245  00$aMoody's international manual /$cMoody's Investors Service.
=583  \\$acommitted to retain$c20190823$dDecember 31, 2035$fTESTPROGRAM$fTESTPROGRAM Gold$uhttp://localhost/services/testprogram/docs/TESTPROGRAMProgramStatement.pdf
=583  \\$acompleteness reviewed$c20190823$fTESTPROGRAM$fTESTPROGRAM Gold$iissue level
=583  \\$acondition reviewed$c20190823$fTESTPROGRAM$fTESTPROGRAM Gold$iissue level
=561  \\$aTESTINST1
=852  0\$aTESTINST1$bHDC$ctestprogram-trust$hHG4961$i.M675x
=866  30$80$a(1981)-(2000)

