=LDR  00787    a2200217 n 4500
=001  22821329000003841
=003  TestILS
=004  991011549759703841
=005  20210520081218.04
=007  ta
=008  1505270u\\\\0\\\0001ba\\\0\\\\\\\\\\\\\\
=014  1\$a1568105$bOCoLC
=022  \\$a0425-1423
=035  \\$a(OCoLC)1568105
=035  \\$a(TestILS)c13605793-01asu_inst
=245  00$aEnzymologia biologica et clinica.
=561  \\$aTESTINST1
=583  \\$acommitted to retain$c20150527$dDecember 31, 2035$fTESTPROGRAM$fTESTPROGRAM Gold$uhttp://localhost/services/testprogram/docs/TESTPROGRAMProgramStatement.pdf
=583  \\$acompleteness reviewed$c20150527$fTESTPROGRAM$fTESTPROGRAM Gold$iissue-level
=583  \\$acondition reviewed$c20150527$fTESTPROGRAM$fTESTPROGRAM Gold$iissue-level$lprinting errors$zv.10 some pages upside & out of order
=852  0\$aTESTINST1$bHDC$ctestprogram-trust
=866  30$80$a1(1961)-11(1970)

