=LDR  00596nx  a22001811n 4500
=003  TestILS
=004  991044951709703841
=007  ta
=001  221067247950003841
=008  1805140u\\\\0\\\0000ba\\\0\\\\\\
=005  20210520081218.06
=022  \\$a1524-4474
=035  \\$a(OCoLC)40576375
=245  10$aDance teacher.
=583  \\$acommitted to retain$c20180514$dDecember 31, 2035$fTESTPROGRAM$fTESTPROGRAM Silver$uhttp://localhost/services/testprogram/docs/TESTPROGRAMProgramStatement.pdf
=583  \\$acompleteness reviewed$c20180514$fTESTPROGRAM$fTESTPROGRAM Silver$ivolume level
=561  \\$aTESTINST1
=852  0\$aTESTINST1$bHDC$ctestprogram-trust$hGV1580$i.D333
=866  30$80$a21(1999)-27(2005)

