=LDR  00636ny  a22001933n 4500
=001  22877871370003841
=003  TestILS
=004  991046606469703841
=005  20210520081217.74
=007  ta
=008  1405150u\\\\0\\\0001ba\\\0\\\\\\\\\\\\\\
=014  1\$a5718980$bOCoLC
=035  \\$a(OCoLC)5718980
=035  \\$a(TestILS)c13404842-01asu_inst
=245  00$aArena.
=561  \\$aTESTINST1
=583  \\$acommitted to retain$c20140515$dDecember 31, 2035$fTESTPROGRAM$fTESTPROGRAM Silver$uhttp://localhost/services/testprogram/docs/TESTPROGRAMProgramStatement.pdf
=583  \\$acompleteness reviewed$c20140515$fTESTPROGRAM$fTESTPROGRAM Silver$ivolume-level
=852  0\$aTESTINST1$bHDC$ctestprogram-trust
=866  30$80$a81(1966)-82(1967)

