=LDR  00660nx  a22001931n 4500
=003  TestILS
=004  991048451495103841
=007  ta
=001  221128967070003841
=008  1908165u\\\\0\\\0000ba\\\0\\\\\\
=005  20210520081217.93
=022  \\$a0022-7676
=035  \\$a(OCoLC)1754938
=245  00$aKagaku kōgaku.$bChemical engineering, Japan.
=583  \\$acommitted to retain$c20190923$dDecember 31, 2035$fTESTPROGRAM$fTESTPROGRAM Gold$uhttp://localhost/services/testprogram/docs/TESTPROGRAMProgramStatement.pdf
=583  \\$acompleteness reviewed$c20190923$fTESTPROGRAM$fTESTPROGRAM Gold$iissue level
=583  \\$acondition reviewed$c20190923$fTESTPROGRAM$fTESTPROGRAM Gold$iissue level
=561  \\$aTESTINST1
=852  0\$aTESTINST1$bHDC$ctestprogram-trust$hTP1$i.C356
=866  30$80$a1(1963)-5(1967)

