=LDR  00751    a2200229 n 4500
=001  22947378420003841
=003  TestILS
=004  991025097649703841
=005  20210520081217.41
=007  ta
=008  1505010u\\\\0\\\0001ba\\\0\\\\\\\\\\\\\\
=014  1\$a6415324$bOCoLC
=022  0\$a0275-8911
=035  \\$a(OCoLC)6415324
=035  \\$a(TestILS)c13596512-01asu_inst
=245  00$aGeorgia journal of accounting.
=561  \\$aTESTINST1
=561  \\$aUUS
=583  \\$acommitted to retain$c20150501$dDecember 31, 2035$fTESTPROGRAM$fTESTPROGRAM Gold$uhttp://localhost/services/testprogram/docs/TESTPROGRAMProgramStatement.pdf
=583  \\$acompleteness reviewed$c20150501$fTESTPROGRAM$fTESTPROGRAM Gold$iissue-level
=583  \\$acondition reviewed$c20150501$fTESTPROGRAM$fTESTPROGRAM Gold$iissue-level
=852  0\$aTESTINST1$bHDC$ctestprogram-trust
=866  30$80$a1(1980)-10(1989)

