=LDR  00730    a2200217 n 4500
=001  22950850660003841
=003  TestILS
=004  991025115049703841
=005  20210520081217.41
=007  ta
=008  1605010u\\\\0\\\0001ba\\\0\\\\\\\\\\\\\\
=014  1\$a6631556$bOCoLC
=022  0\$a0166-1957
=035  \\$a(OCoLC)6631556
=035  \\$a(TestILS)c13792568-01asu_inst
=245  00$aTransport policy and decision making.
=561  \\$aTESTINST1
=583  \\$acommitted to retain$c20160501$dDecember 31, 2035$fTESTPROGRAM$fTESTPROGRAM Gold$uhttp://localhost/services/testprogram/docs/TESTPROGRAMProgramStatement.pdf
=583  \\$acompleteness reviewed$c20160501$fTESTPROGRAM$fTESTPROGRAM Gold$iissue-level
=583  \\$acondition reviewed$c20160501$fTESTPROGRAM$fTESTPROGRAM Gold$iissue-level
=852  0\$aTESTINST1$bHDC$ctestprogram-trust
=866  30$80$a1(1980)-3(1985)

