=LDR  00639nx  a22001811n 4500
=003  TestILS
=004  991011586939703841
=007  ta
=001  221064214680003841
=008  1804230u\\\\0\\\0000ba\\\0\\\\\\
=005  20210520081217.79
=022  \\$a0017-7385
=035  \\$a(OCoLC)1604740
=245  00$aHandling & shipping.
=583  \\$acommitted to retain$c20180423$dDecember 31, 2035$fTESTPROGRAM$fTESTPROGRAM Silver$uhttp://localhost/services/testprogram/docs/TESTPROGRAMProgramStatement.pdf
=583  \\$acompleteness reviewed$c20180423$fTESTPROGRAM$fTESTPROGRAM Silver$ivolume level$lmissing volumes$zmissing v.1-9; v.16-19, no.9
=561  \\$aTESTINST1
=852  0\$aTESTINST1$bHDC$ctestprogram-trust$hTS149 .H32
=866  30$80$a10(1969)-15(1974)

