=LDR  00718nx  a22002051n 4500
=003  TestILS
=004  991018837089703841
=007  ta
=001  221048431220003841
=008  1801055u\\\\0\\\0000ba\\\0\\\\\\
=005  20210520081217.71
=022  \\$a0160-9831
=035  \\$a(OCoLC)3795482
=245  00$aFolklore women's communication.
=583  \\$acommitted to retain$c20180105$dDecember 31, 2035$fTESTPROGRAM$fTESTPROGRAM Gold$uhttp://localhost/services/testprogram/docs/TESTPROGRAMProgramStatement.pdf
=583  \\$acompleteness reviewed$c20180105$fTESTPROGRAM$fTESTPROGRAM Gold$iissue level$lmissing volumes$zmissing 46-56
=583  \\$acondition reviewed$c20180105$fTESTPROGRAM$fTESTPROGRAM Gold$iissue level
=561  \\$aTESTINST1
=852  0\$aTESTINST1$bHDC$ctestprogram-trust$hGR470 .F64
=866  30$80$a14(1978)-45(1988)
=867  30$80$a1985

