=LDR  00661nx  a22001931n 4500
=003  TestILS
=004  991027194969703841
=007  ta
=001  221147438910003841
=008  2005315u\\\\0\\\0000ba\\\0\\\\\\
=005  20210520081217.81
=022  \\$a0888-6873
=035  \\$a(OCoLC)7903928
=245  04$aThe Southwestern review of management and economics.
=583  \\$acommitted to retain$c20200531$dDecember 31, 2035$fTESTPROGRAM$fTESTPROGRAM Gold$uhttp://localhost/services/testprogram/docs/TESTPROGRAMProgramStatement.pdf
=583  \\$acompleteness reviewed$c20200531$fTESTPROGRAM$fTESTPROGRAM Gold$iissue level
=583  \\$acondition reviewed$c20200531$fTESTPROGRAM$fTESTPROGRAM Gold$iissue level
=561  \\$aTESTINST1
=852  0\$aTESTINST1$bHDC$ctestprogram-trust$hHD28$i.S69x
=866  30$80$a1(1981)-5(1986)

