=LDR  00619nx  a22001811n 4500
=003  TestILS
=004  991020834459703841
=007  ta
=001  221157486250003841
=008  2012020u\\\\0\\\0000ba\\\0\\\\\\
=005  20210520081217.84
=022  \\$a0102-4302
=035  \\$a(OCoLC)4485665
=245  00$aAnuário antropológico.
=583  \\$acommitted to retain$c20201202$d20351231$fTESTPROGRAM$fTESTPROGRAM Silver$uhttp://localhost/services/testprogram/docs/TESTPROGRAMProgramStatement.pdf
=583  \\$acompleteness reviewed$c20201202$fTESTPROGRAM$fTESTPROGRAM Silver$ivolume level$lmissing volumes$zmissing (2015)-(2016)
=561  \\$aTESTINST1
=852  0\$aTESTINST1$bHDC$ctestprogram-trust$hGN1$i.A58x
=866  30$80$a(1976)-(2014)

