=LDR  00639nx  a22001811n 4500
=003  TestILS
=004  991044951899703841
=007  ta
=001  221064653440003841
=008  1805040u\\\\0\\\0000ba\\\0\\\\\\
=005  20210520081218.06
=022  \\$a1534-4711
=035  \\$a(OCoLC)43666716
=245  10$aDealerscope.
=583  \\$acommitted to retain$c20180504$dDecember 31, 2035$fTESTPROGRAM$fTESTPROGRAM Silver$uhttp://localhost/services/testprogram/docs/TESTPROGRAMProgramStatement.pdf
=583  \\$acompleteness reviewed$c20180504$fTESTPROGRAM$fTESTPROGRAM Silver$ivolume level$lmissing volumes$zmissing v.43:1-7,10
=561  \\$aTESTINST1
=852  0\$aTESTINST1$bHDC$ctestprogram-trust$hHD9971.U6 D4
=866  30$80$a42, no.3(2000)-47(2005)

