=LDR  00654ny  a22001933n 4500
=001  22849698830003841
=003  TestILS
=004  991030602349703841
=005  20210520081217.58
=007  ta
=008  1410080u\\\\0\\\0001ba\\\0\\\\\\\\\\\\\\
=014  1\$a9688307$bOCoLC
=035  \\$a(OCoLC)9688307
=035  \\$a(TestILS)c13546995-01asu_inst
=245  00$aMaricopa County buildings permits issued - index of freight car loadings.
=561  \\$aTESTINST1
=583  \\$acommitted to retain$c20141008$dDecember 31, 2035$fTESTPROGRAM$fTESTPROGRAM Silver$uhttp://localhost/services/testprogram/docs/TESTPROGRAMProgramStatement.pdf
=583  \\$acompleteness reviewed$c20141008$fTESTPROGRAM$fTESTPROGRAM Silver$ivolume-level
=852  0\$aTESTINST1$bHDC$ctestprogram-trust
=866  30$80$a[v.1, no. 1(1954)]-v.1, no. 3(1954)

