=LDR  00581nx  a22001811n 4500
=003  TestILS
=004  991007508899703841
=007  ta
=001  221065099160003841
=008  1805040u\\\\0\\\0000ba\\\0\\\\\\
=005  20210520081217.49
=022  \\$a1061-7639
=035  \\$a(OCoLC)25453575
=245  04$aThe Public manager.
=583  \\$acommitted to retain$c20180504$dDecember 31, 2035$fTESTPROGRAM$fTESTPROGRAM Silver$uhttp://localhost/services/testprogram/docs/TESTPROGRAMProgramStatement.pdf
=583  \\$acompleteness reviewed$c20180504$fTESTPROGRAM$fTESTPROGRAM Silver$ivolume level
=561  \\$aTESTINST1
=852  0\$aTESTINST1$bHDC$ctestprogram-trust
=866  30$80$a21(1992)-34(2006)

