=LDR  00881    a2200229 n 4500
=001  22940600960003841
=003  TestILS
=004  991016537189703841
=005  20210520081218.18
=007  ta
=008  1505060u\\\\0\\\0001ba\\\0\\\\\\\\\\\\\\
=014  1\$a3199090$bOCoLC
=022  0\$a0031-2738
=035  \\$a(OCoLC)3199090
=035  \\$a(TestILS)c13597371-01asu_inst
=245  00$aPassword.
=561  \\$aTESTINST1
=583  \\$acommitted to retain$c20150506$dDecember 31, 2035$fTESTPROGRAM$fTESTPROGRAM Gold$uhttp://localhost/services/testprogram/docs/TESTPROGRAMProgramStatement.pdf
=583  \\$acompleteness reviewed$c20150506$fTESTPROGRAM$fTESTPROGRAM Gold$iissue-level$lmissing volumes$zmissing vol. 1-8, 10-12$lmissing issues$zmissing vol. 9 issues 2-4
=583  \\$acondition reviewed$c20150506$fTESTPROGRAM$fTESTPROGRAM Gold$iissue-level
=852  0\$aTESTINST1$bHDC$ctestprogram-trust
=866  30$80$a9(1964), 13(1968)-50(2005)
=868  30$80$a1(1956)-15(1970), 26(1981)-38(1993)

