=LDR  00670nx  a22001931n 4500
=003  TestILS
=004  991018865989703841
=007  ta
=001  221102541970003841
=008  1903025u\\\\0\\\0000ba\\\0\\\\\\
=005  20210520081217.72
=022  \\$a0739-1226
=035  \\$a(OCoLC)4157489
=245  14$aThe National directory of college athletics.
=583  \\$acommitted to retain$c20190302$dDecember 31, 2035$fTESTPROGRAM$fTESTPROGRAM Gold$uhttp://localhost/services/testprogram/docs/TESTPROGRAMProgramStatement.pdf
=583  \\$acompleteness reviewed$c20180523$fTESTPROGRAM$fTESTPROGRAM Gold$iissue level
=583  \\$acondition reviewed$c20190302$fTESTPROGRAM$fTESTPROGRAM Gold$iissue level
=561  \\$aTESTINST1
=852  0\$aTESTINST1$bHDC$ctestprogram-trust$hGV709$i.N32x
=866  30$80$a(1978/1979)-(2007/2008)

