=LDR  00684ny  a22002173n 4500
=001  22820785100003841
=003  TestILS
=004  991020887219703841
=005  20210520081217.36
=007  ta
=008  1305030u\\\\0\\\0001ba\\\0\\\\\\\\\\\\\\
=014  1\$a5015066$bOCoLC
=022  0\$a0192-3234
=030  \\$aCMJTFB
=035  \\$a(OCoLC)5015066
=035  \\$a(TestILS)c13150479-01asu_inst
=245  10$aCrime and justice.
=561  \\$aTESTINST1
=583  \\$acommitted to retain$c20130503$dDecember 31, 2035$fTESTPROGRAM$fTESTPROGRAM Silver$uhttp://localhost/services/testprogram/docs/TESTPROGRAMProgramStatement.pdf
=583  \\$acompleteness reviewed$c20130503$fTESTPROGRAM$fTESTPROGRAM Silver$ivolume-level
=852  0\$aTESTINST1$bHDC$ctestprogram-trust
=866  30$80$a1(1979)-33(2005)

