=LDR  00754ny  a22002053n 4500
=001  22902337850003841
=003  TestILS
=004  991037132659703841
=005  20210520081217.99
=007  ta
=008  1404160u\\\\0\\\0001ba\\\0\\\\\\\\\\\\\\
=014  1\$a13171814$bOCoLC
=022  \\$a0828-3893
=035  \\$a(OCoLC)13171814
=035  \\$a(TestILS)c13381957-01asu_inst
=245  00$aCanadian journal of counselling =$bRevue canadienne de counseling.
=561  \\$aTESTINST1
=583  \\$acommitted to retain$c20140416$dDecember 31, 2035$fTESTPROGRAM$fTESTPROGRAM Silver$uhttp://localhost/services/testprogram/docs/TESTPROGRAMProgramStatement.pdf
=583  \\$acompleteness reviewed$c20140416$fTESTPROGRAM$fTESTPROGRAM Silver$ivolume-level$lbinding patterns vary$zfor vols. 20-25, 27-30 two volumes bound together as single piece
=852  0\$aTESTINST1$bHDC$ctestprogram-trust
=866  30$80$a20(1986)-39(2005)

