=LDR  00688nx  a22001811n 4500
=003  TestILS
=004  991022863759703841
=007  ta
=001  221147889880003841
=008  2005315u\\\\0\\\0000ba\\\0\\\\\\
=005  20210520081218.14
=035  \\$a(OCoLC)5332577
=245  00$aLinguistic Circle of Canberra publications.$nSeries A,$pOccasional papers.
=583  \\$acommitted to retain$c20200531$dDecember 31, 2035$fTESTPROGRAM$fTESTPROGRAM Gold$uhttp://localhost/services/testprogram/docs/TESTPROGRAMProgramStatement.pdf
=583  \\$acompleteness reviewed$c20200531$fTESTPROGRAM$fTESTPROGRAM Gold$iissue level$lmissing issues$zmissing no.1(1963)-2(1964), 4(1964)-9(1967)
=583  \\$acondition reviewed$c20200531$fTESTPROGRAM$fTESTPROGRAM Gold$iissue level
=561  \\$aTESTINST1
=852  0\$aTESTINST1$bHDC$ctestprogram-trust$hP11$i.P3
=866  30$80$ano.3(1964)

