=LDR  00706nx  a22001811n 4500
=003  TestILS
=004  991032343109703841
=007  ta
=001  221157789670003841
=008  2012040u\\\\0\\\0000ba\\\0\\\\\\
=005  20210520081218.04
=022  \\$a8750-0256
=035  \\$a(OCoLC)10669425
=245  04$aThe Utne reader.
=583  \\$acommitted to retain$c20201204$dDecember 31, 2035$fTESTPROGRAM$fTESTPROGRAM Silver$uhttp://localhost/services/testprogram/docs/TESTPROGRAMProgramStatement.pdf
=583  \\$acompleteness reviewed$c20201204$fTESTPROGRAM$fTESTPROGRAM Silver$ivolume level$lmissing volumes$zmissing no.1-5(1984), no.12(1985)-42(1991), no.70(1995)-no.189(2015)
=561  \\$aTESTINST1
=852  0\$aTESTINST1$bHDC$ctestprogram-trust$hPN4784.U53$iU88
=866  30$80$ano.6(1984)-11(1985), 43(1991)-69(1995)

