=LDR  00596nx  a22001811n 4500
=003  TestILS
=004  991015985999703841
=007  ta
=001  221157657700003841
=008  2012040u\\\\0\\\0000ba\\\0\\\\\\
=005  20210520081218.10
=022  \\$a0890-1120
=035  \\$a(OCoLC)14153840
=245  00$aArthritis today :$bpublication of the Arthritis Foundation.
=583  \\$acommitted to retain$c20201204$dDecember 31, 2035$fTESTPROGRAM$fTESTPROGRAM Silver$uhttp://localhost/services/testprogram/docs/TESTPROGRAMProgramStatement.pdf
=583  \\$acompleteness reviewed$c20201204$fTESTPROGRAM$fTESTPROGRAM Silver$ivolume level
=561  \\$aTESTINST1
=852  0\$aTESTINST1$bHDC$ctestprogram-trust$hRC933.A1$iA86
=866  30$80$a12(1998)-17(2003)

