=LDR  00597nx  a22001811n 4500
=003  TestILS
=004  991021488579703841
=007  ta
=001  221099608750003841
=008  1902060u\\\\0\\\0000ba\\\0\\\\\\
=005  20210520081217.36
=022  \\$a1911-947X
=035  \\$a(OCoLC)133592845
=245  10$aROM :$bmagazine of the Royal Ontario Museum.
=583  \\$acommitted to retain$c20190206$dDecember 31, 2035$fTESTPROGRAM$fTESTPROGRAM Silver$uhttp://localhost/services/testprogram/docs/TESTPROGRAMProgramStatement.pdf
=583  \\$acompleteness reviewed$c20190206$fTESTPROGRAM$fTESTPROGRAM Silver$ivolume level
=561  \\$aTESTINST1
=852  0\$aTESTINST1$bHDC$ctestprogram-trust$hAM101$i.T6252
=866  30$80$a40(2007)-48(2015)

