=LDR  00608nx  a22001811n 4500
=003  TestILS
=004  991002214849703841
=007  ta
=001  221115194420003841
=008  1905310u\\\\0\\\0000ba\\\0\\\\\\
=005  20210520081218.08
=022  \\$a1092-9061
=035  \\$a(OCoLC)36458627
=245  00$aFutureBanker.
=583  \\$acommitted to retain$c20190531$dDecember 31, 2035$fTESTPROGRAM$fTESTPROGRAM Silver$uhttp://localhost/services/testprogram/docs/TESTPROGRAMProgramStatement.pdf
=583  \\$acompleteness reviewed$c20190531$fTESTPROGRAM$fTESTPROGRAM Silver$ivolume level
=561  \\$aTESTINST1
=852  0\$aTESTINST1$bHDC$ctestprogram-trust$hHG1501$i.F88
=866  30$80$a1(1997)-3(1999); (2000)-(2002)

