=LDR  00582nx  a22001691n 4500
=003  TestILS
=004  991048613392203841
=007  ta
=001  221159186410003841
=008  1905095u\\\\0\\\0000ba\\\0\\\\\\
=005  20210520081217.93
=035  \\$a(OCoLC)13342130
=245  10$aHorn book.
=583  \\$acommitted to retain$c20190509$dDecember 31, 2035$fTESTPROGRAM$fTESTPROGRAM Silver$uhttp://localhost/services/testprogram/docs/TESTPROGRAMProgramStatement.pdf
=583  \\$acompleteness reviewed$c20190509$fTESTPROGRAM$fTESTPROGRAM Silver$ivolume level
=561  \\$aTESTINST1
=852  0\$aTESTINST1$bHDC$ctestprogram-trust$hZ1037.A1$iA15
=866  30$80$a20, no.3(1944)-21, no.2(1945)

