=LDR  00751    a2200205 n 4500
=001  22828745170003841
=003  TestILS
=004  991029980509703841
=005  20210520081217.46
=007  ta
=008  1505290u\\\\0\\\0001ba\\\0\\\\\\\\\\\\\\
=014  1\$a27471983$bOCoLC
=035  \\$a(OCoLC)27471983
=035  \\$a(TestILS)c13607571-01asu_inst
=245  10$aNational year book.
=561  \\$aOKU
=583  \\$acommitted to retain$c20150529$dDecember 31, 2035$fTESTPROGRAM$fTESTPROGRAM Gold$uhttp://localhost/services/testprogram/docs/TESTPROGRAMProgramStatement.pdf
=583  \\$acompleteness reviewed$c20150529$fTESTPROGRAM$fTESTPROGRAM Gold$iissue-level$lmissing volumes$zmissing vols. 1938-1939
=583  \\$acondition reviewed$c20150529$fTESTPROGRAM$fTESTPROGRAM Gold$iissue-level
=852  0\$aTESTINST1$bHDC$ctestprogram-trust$hAE5$i.C684
=866  30$80$a(1940)

