=LDR  00900    a2200241 n 4500
=001  22844427330003841
=003  TestILS
=004  991010159699703841
=005  20210520081217.96
=007  ta
=008  1312160u\\\\0\\\0001ba\\\0\\\\\\\\\\\\\\
=014  1\$a27525286$bOCoLC
=022  \\$a0969-7950
=030  \\$aBJDDE2
=035  \\$a(OCoLC)27525286
=035  \\$a(TestILS)c13287308-01asu_inst
=245  04$aThe British journal of developmental disabilities.
=561  \\$aTESTINST1
=583  \\$acommitted to retain$c20131216$dDecember 31, 2035$fTESTPROGRAM$fTESTPROGRAM Gold$uhttp://localhost/services/testprogram/docs/TESTPROGRAMProgramStatement.pdf
=583  \\$acompleteness reviewed$c20131216$fTESTPROGRAM$fTESTPROGRAM Gold$iissue-level$lbinding patterns vary$zfor vols. 39-44, two volumes bound together; for vols. 45-53, three volumes bound together
=583  \\$acondition reviewed$c20131216$fTESTPROGRAM$fTESTPROGRAM Gold$iissue-level
=852  0\$aTESTINST1$bHDC$ctestprogram-trust
=866  30$80$a39(1993)-53(2007)
=867  30$80$a42(1997)

