=LDR  00789ny  a22002413n 4500
=001  22912644400003841
=003  TestILS
=004  991016528149703841
=005  20210520081218.11
=007  ta
=008  1206050u\\\\0\\\0001ba\\\0\\\\\\\\\\\\\\
=014  1\$a3091847$bOCoLC
=022  \\$a0147-3964
=030  \\$aMCREDA
=035  \\$a(OCoLC)3091847
=035  \\$a(TestILS)c12791362-01asu_inst
=245  00$aMultivariate experimental clinical research.
=561  \\$aTESTINST1
=561  \\$aAZU
=583  \\$acommitted to retain$c20120605$dDecember 31, 2035$fTESTPROGRAM$fTESTPROGRAM Gold$uhttp://localhost/services/testprogram/docs/TESTPROGRAMProgramStatement.pdf
=583  \\$acompleteness reviewed$c20120605$fTESTPROGRAM$fTESTPROGRAM Gold$iissue-level
=583  \\$acondition reviewed$c20120605$fTESTPROGRAM$fTESTPROGRAM Gold$iissue-level
=852  0\$aTESTINST1$bHDC$ctestprogram-trust$hBF698.A1$iM84
=866  30$80$a2(1976)-12(2000)

