=LDR  00641nx  a22001811n 4500
=003  TestILS
=004  991027140309703841
=007  ta
=001  221064219130003841
=008  1804230u\\\\0\\\0000ba\\\0\\\\\\
=005  20210520081217.69
=022  \\$a0276-9077
=035  \\$a(OCoLC)7320717
=245  14$aThe Atlantic.
=583  \\$acommitted to retain$c20180423$dDecember 31, 2035$fTESTPROGRAM$fTESTPROGRAM Silver$uhttp://localhost/services/testprogram/docs/TESTPROGRAMProgramStatement.pdf
=583  \\$acompleteness reviewed$c20180423$fTESTPROGRAM$fTESTPROGRAM Silver$ivolume level$lmissing volumes$zv.264:3; v.265:2,4
=561  \\$aTESTINST1
=852  0\$aTESTINST1$bHDC$ctestprogram-trust$hAP2$i.A8
=866  30$80$a247, no.4(1981)-272, no.4(1993)

