=LDR  01211nx  a22002051n 4500
=003  TestILS
=004  991011698369703841
=007  ta
=001  221154659970003841
=008  2104255u\\\\0\\\0000ba\\\0\\\\\\
=005  20210520081217.86
=022  \\$a0096-7289
=035  \\$a(OCoLC)1757546
=245  10$aMining and metallurgy /$cAmerican Institute of Mining and Metallurgical Engineers.
=583  \\$acommitted to retain$c20210425$d20351231$fTESTPROGRAM$fTESTPROGRAM Gold$uhttp://localhost/services/testprogram/docs/TESTPROGRAMProgramStatement.pdf
=583  \\$acompleteness reviewed$c20210425$fTESTPROGRAM$fTESTPROGRAM Gold$iissue level$lmissing issues$zmissing no.157-171, 173, 175-176, 178-179, 181-184, 189, 200, 260, 293-296, 312, 342-343, 352, 400, 409-424, 426-432, 445-468, 481-504
=583  \\$acondition reviewed$c20210425$fTESTPROGRAM$fTESTPROGRAM Gold$iissue level$lmissing issue covers$zno.365, 369-370, 381-383, 385, 391-392, 400, 404 missing issue covers
=561  \\$aTESTINST1
=852  0\$aTESTINST1$bHDC$ctestprogram-trust$hTN1$i.A515
=866  30$80$ano.172(1921), 174(1921), 177(1921), 180(1921), 185(1922)-188(1922), 190(1922)-199(1923), 201(1923)-259(1928), 261(1928)-292(1931), 297(1931)-311(1932), 313(1933)-341(1935), 344(1935)-351(1936), 353(1936)-408(1940), 425(1942), 433(1943)-444(1943), 469(1946)-480(1946)
=867  30$80$ano.157(1920)-159(1920), 187(1922), 498(1948)

