=LDR  00804ny  a22002293n 4500
=001  22818677360003841
=003  TestILS
=004  991011751439703841
=005  20210520081217.55
=007  ta
=008  1207120u\\\\0\\\0001ba\\\0\\\\\\\\\\\\\\
=014  1\$a1769413$bOCoLC
=022  0\$a0083-7407
=035  \\$a(OCoLC)1769413
=035  \\$a(TestILS)c12809780-01asu_inst
=245  00$aTextile Museum journal.
=561  \\$aTESTINST1
=561  \\$aAZU
=583  \\$acommitted to retain$c20120712$dDecember 31, 2035$fTESTPROGRAM$fTESTPROGRAM Gold$uhttp://localhost/services/testprogram/docs/TESTPROGRAMProgramStatement.pdf
=583  \\$acompleteness reviewed$c20120712$fTESTPROGRAM$fTESTPROGRAM Gold$iissue-level
=583  \\$acondition reviewed$c20120712$fTESTPROGRAM$fTESTPROGRAM Gold$iissue-level$ltight binding$zv.29-30 tight binding
=852  0\$aTESTINST1$bHDC$ctestprogram-trust$hNK8802.W3$iA3
=866  30$80$a1(1962)-43(2004)

