=LDR  00774    a2200229 n 4500
=001  22947337080003841
=003  TestILS
=004  991045856009703841
=005  20210520081217.73
=007  ta
=008  1605200u\\\\0\\\0001ba\\\0\\\\\\\\\\\\\\
=014  1\$a22692791$bOCoLC
=022  0\$a1053-9263
=035  \\$a(OCoLC)22692791
=035  \\$a(TestILS)c13831549-01asu_inst
=245  00$aCentral business review.
=561  \\$aTESTINST1
=561  \\$aIYU
=583  \\$acommitted to retain$c20160520$dDecember 31, 2035$fTESTPROGRAM$fTESTPROGRAM Gold$uhttp://localhost/services/testprogram/docs/TESTPROGRAMProgramStatement.pdf
=583  \\$acompleteness reviewed$c20160520$fTESTPROGRAM$fTESTPROGRAM Gold$iissue-level
=583  \\$acondition reviewed$c20160520$fTESTPROGRAM$fTESTPROGRAM Gold$iissue-level
=852  0\$aTESTINST1$bHDC$ctestprogram-trust$hHF5001$i.C39
=866  30$80$a10, no.2(1991)-25(2006)

