=LDR  00752nx  a22001691n 4500
=003  TestILS
=004  991016546879703841
=007  ta
=001  221114406240003841
=008  1908080u\\\\0\\\0000ba\\\0\\\\\\
=005  20210520081218.18
=035  \\$a(OCoLC)3318594
=245  00$aOECD economic surveys.$pNetherlands.
=583  \\$acommitted to retain$c20190808$dDecember 31, 2035$fTESTPROGRAM$fTESTPROGRAM Silver$uhttp://localhost/services/testprogram/docs/TESTPROGRAMProgramStatement.pdf
=583  \\$acompleteness reviewed$c20190808$fTESTPROGRAM$fTESTPROGRAM Silver$ivolume level$lmissing volumes$zmissing 1982/1983, 1988/1989, 1991/1992
=561  \\$aTESTINST1
=852  0\$aTESTINST1$bHDC$ctestprogram-trust$hHC325$i.O73
=866  30$80$a(1969)-(1971), (1973)-(1974), (1976)-(1981), (1983)-(1987), (1989)-(1990), (1992)-(1994), (1996), (1998), (2000), (2002), (2004), (2006), (2008)

