=LDR  00697nx  a22002051n 4500
=003  TestILS
=004  991027119359703841
=007  ta
=001  221134809350003841
=008  1912315u\\\\0\\\0000ba\\\0\\\\\\
=005  20210520081217.68
=022  \\$a0275-0589
=035  \\$a(OCoLC)7078307
=245  14$aThe Gamut.
=583  \\$acommitted to retain$c20191231$dDecember 31, 2035$fTESTPROGRAM$fTESTPROGRAM Gold$uhttp://localhost/services/testprogram/docs/TESTPROGRAMProgramStatement.pdf
=583  \\$acompleteness reviewed$c20191231$fTESTPROGRAM$fTESTPROGRAM Gold$iissue level
=583  \\$acondition reviewed$c20191231$fTESTPROGRAM$fTESTPROGRAM Gold$iissue level
=561  \\$aTESTINST1
=852  0\$aTESTINST1$bHDC$ctestprogram-trust$hAP2$i.G22x
=866  30$80$a1(1980)-36(1992)
=868  30$80$a1(1980)-12(1984)

