=LDR  00592ny  a22001933n 4500
=001  22957395030003841
=003  TestILS
=004  991001436189703841
=005  20210520081217.78
=007  ta
=008  1205140u\\\\0\\\0001ba\\\0\\\\\\\\\\\\\\
=014  1\$a1292681$bOCoLC
=022  \\$a0582-494X
=035  \\$a(OCoLC)1292681
=035  \\$a(TestILS)c1269213x-01asu_inst
=245  00$aSelected highlights of crime and delinquency literature.
=561  \\$aTESTINST1
=583  \\$acommitted to retain$c20120514$dDecember 31, 2035$fTESTPROGRAM$fTESTPROGRAM Bronze$uhttp://localhost/services/testprogram/docs/TESTPROGRAMProgramStatement.pdf
=852  0\$aTESTINST1$bHDC$ctestprogram-trust$hHV6001$i.C73x
=866  30$80$a(1968)-(1969)

