=LDR  00858    a2200229 n 4500
=001  22940957360003841
=003  TestILS
=004  991025092769703841
=005  20210520081217.40
=007  ta
=008  1605010u\\\\0\\\0001ba\\\0\\\\\\\\\\\\\\
=014  1\$a6370950$bOCoLC
=022  0\$a0030-1086$l0030-1086
=035  \\$a(OCoLC)6370950
=035  \\$a(TestILS)c13785667-01asu_inst
=245  00$aOhio schools.
=561  \\$aTESTINST1
=561  \\$aWYU
=583  \\$acommitted to retain$c20160501$dDecember 31, 2035$fTESTPROGRAM$fTESTPROGRAM Gold$uhttp://localhost/services/testprogram/docs/TESTPROGRAMProgramStatement.pdf
=583  \\$acompleteness reviewed$c20160501$fTESTPROGRAM$fTESTPROGRAM Gold$iissue-level$lmissing volumes$zmissing v.1-18$lmissing issues$zmissing v.69:6; v.70:7; v.71:8-10
=583  \\$acondition reviewed$c20160501$fTESTPROGRAM$fTESTPROGRAM Gold$iissue-level
=852  0\$aTESTINST1$bHDC$ctestprogram-trust$hL11$i.O52
=866  30$80$a19(1941)-71(1993)

