=LDR  00580    a2200193 n 4500
=001  22953511940003841
=003  TestILS
=004  991020815669703841
=005  20210520081217.84
=007  ta
=008  1505290u\\\\0\\\0001ba\\\0\\\\\\\\\\\\\\
=014  1\$a4305483$bOCoLC
=022  \\$a0305-6120
=035  \\$a(OCoLC)4305483
=035  \\$a(TestILS)c13606591-01asu_inst
=245  00$aCircuit world :$bjournal of the Institute of Circuit Technology, technical journal of the Printed Circuit and Interconnection Foundation.
=561  \\$aTESTINST1
=583  \\$acommitted to retain$c20130614$dDecember 31, 2035$fTESTPROGRAM$fTESTPROGRAM Bronze$uhttp://localhost/services/testprogram/docs/TESTPROGRAMProgramStatement.pdf
=852  0\$aTESTINST1$bHDC$ctestprogram-trust
=866  30$80$a8(1981)-18(1992)

