=LDR  00686nx  a22002051n 4500
=003  TestILS
=004  991016511439703841
=007  ta
=001  221048187390003841
=008  1712205u\\\\0\\\0000ba\\\0\\\\\\
=005  20210520081218.10
=022  \\$a0010-9967
=035  \\$a(OCoLC)2867233
=245  10$aPeriodical.
=583  \\$acommitted to retain$c20171205$dDecember 31, 2035$fTESTPROGRAM$fTESTPROGRAM Gold$uhttp://localhost/services/testprogram/docs/TESTPROGRAMProgramStatement.pdf
=583  \\$acompleteness reviewed$c20171205$fTESTPROGRAM$fTESTPROGRAM Gold$iissue level
=583  \\$acondition reviewed$c20171205$fTESTPROGRAM$fTESTPROGRAM Gold$iissue level
=561  \\$aTESTINST1
=561  \\$aNTD
=852  0\$aTESTINST1$bHDC$ctestprogram-trust$hE159 .A1 C6x
=866  30$80$ano.1(1967)-44(1981)

