=LDR  00634    a2200205 n 4500
=001  22931210740003841
=003  TestILS
=004  991014200779703841
=005  20210520081218.15
=007  ta
=008  1306140u\\\\0\\\0001ba\\\0\\\\\\\\\\\\\\
=014  1\$a2574271$bOCoLC
=022  0\$a0736-6981
=035  \\$a(OCoLC)2574271
=035  \\$a(TestILS)c13185809-01asu_inst
=245  00$aEDPACS :$bthe EDP audit, control and security newsletter.
=561  \\$aTESTINST1
=583  \\$acommitted to retain$c20130614$dDecember 31, 2035$fTESTPROGRAM$fTESTPROGRAM Bronze$uhttp://localhost/services/testprogram/docs/TESTPROGRAMProgramStatement.pdf
=852  0\$aTESTINST1$bHDC$ctestprogram-trust
=866  30$80$a1(1973)-33(2006)
=868  30$80$a1(1973)-8(1981), 10(1982)-26(2000)

