=LDR  00638nx  a22001811n 4500
=003  TestILS
=004  991040078039703841
=007  ta
=001  221129789290003841
=008  1910315u\\\\0\\\0000ba\\\0\\\\\\
=005  20210520081217.55
=035  \\$a(OCoLC)15871932
=245  10$aTrends in ecology & evolution.
=583  \\$acommitted to retain$c20191031$dDecember 31, 2035$fTESTPROGRAM$fTESTPROGRAM Gold$uhttp://localhost/services/testprogram/docs/TESTPROGRAMProgramStatement.pdf
=583  \\$acompleteness reviewed$c20191031$fTESTPROGRAM$fTESTPROGRAM Gold$iissue level
=583  \\$acondition reviewed$c20191031$fTESTPROGRAM$fTESTPROGRAM Gold$iissue level
=561  \\$aTESTINST1
=852  0\$aTESTINST1$bHDC$ctestprogram-trust$hQH540$i.T64x
=866  30$80$a4(1989)-14(1999)

