=LDR  00589nx  a22001691n 4500
=003  TestILS
=004  991011606979703841
=007  ta
=001  221114406350003841
=008  1908080u\\\\0\\\0000ba\\\0\\\\\\
=005  20210520081217.90
=035  \\$a(OCoLC)1639103
=245  00$aEconomic conditions in member and associated countries of the OEEC.$pNorway.
=583  \\$acommitted to retain$c20190808$dDecember 31, 2035$fTESTPROGRAM$fTESTPROGRAM Silver$uhttp://localhost/services/testprogram/docs/TESTPROGRAMProgramStatement.pdf
=583  \\$acompleteness reviewed$c20190808$fTESTPROGRAM$fTESTPROGRAM Silver$ivolume level$lmissing volumes$zmissing (1960)
=561  \\$aTESTINST1
=852  0\$aTESTINST1$bHDC$ctestprogram-trust$hHC361$i.O67
=866  30$80$a(1961)

