=LDR  00750nx  a22001811n 4500
=003  TestILS
=004  991008745899703841
=007  ta
=001  221111805080003841
=008  1906130u\\\\0\\\0000ba\\\0\\\\\\
=005  20210520081217.53
=022  \\$a1995-3402
=035  \\$a(OCoLC)1098319
=245  00$aOECD economic surveys.$pSwitzerland.
=583  \\$acommitted to retain$c20190613$dDecember 31, 2035$fTESTPROGRAM$fTESTPROGRAM Silver$uhttp://localhost/services/testprogram/docs/TESTPROGRAMProgramStatement.pdf
=583  \\$acompleteness reviewed$c20190613$fTESTPROGRAM$fTESTPROGRAM Silver$ivolume level$lmissing volumes$zmissing (1981), (1984), (1998), (2001), (2004)-(2005), (2008)-(2015)
=561  \\$aTESTINST1
=852  0\$aTESTINST1$bHDC$ctestprogram-trust$hHC395$i.O7
=866  30$80$a(1969)-(1980), (1982)-(1983), (1985)-(1997), (1999)-(2000), (2002)-(2003), (2006)-(2007)

