=LDR  00730    a2200217 n 4500
=001  22860569670003841
=003  TestILS
=004  991010175669703841
=005  20210520081217.97
=007  ta
=008  1405080u\\\\0\\\0001ba\\\0\\\\\\\\\\\\\\
=014  1\$a28444968$bOCoLC
=022  0\$a1070-6615
=035  \\$a(OCoLC)28444968
=035  \\$a(TestILS)c13403357-01asu_inst
=245  00$aPeterson's job opportunities in business.
=561  \\$aTESTINST1
=583  \\$acommitted to retain$c20140508$dDecember 31, 2035$fTESTPROGRAM$fTESTPROGRAM Gold$uhttp://localhost/services/testprogram/docs/TESTPROGRAMProgramStatement.pdf
=583  \\$acompleteness reviewed$c20140508$fTESTPROGRAM$fTESTPROGRAM Gold$iissue-level
=583  \\$acondition reviewed$c20140508$fTESTPROGRAM$fTESTPROGRAM Gold$iissue-level
=852  0\$aTESTINST1$bHDC$ctestprogram-trust
=866  30$80$a(1994)-(1997)

