=LDR  00781    a2200229 n 4500
=001  22823014970003841
=003  TestILS
=004  991027121659703841
=005  20210520081217.68
=007  ta
=008  1404160u\\\\0\\\0001ba\\\0\\\\\\\\\\\\\\
=014  1\$a7111157$bOCoLC
=022  0\$a0279-7992$l0279-7992
=030  \\$aWPISD4
=035  \\$a(OCoLC)7111157
=035  \\$a(TestILS)c13402407-01asu_inst
=245  00$aWord processing & information systems.
=561  \\$aTESTINST1
=583  \\$acommitted to retain$c20140416$dDecember 31, 2035$fTESTPROGRAM$fTESTPROGRAM Gold$uhttp://localhost/services/testprogram/docs/TESTPROGRAMProgramStatement.pdf
=583  \\$acompleteness reviewed$c20140416$fTESTPROGRAM$fTESTPROGRAM Gold$iissue-level
=583  \\$acondition reviewed$c20140416$fTESTPROGRAM$fTESTPROGRAM Gold$iissue-level
=852  0\$aTESTINST1$bHDC$ctestprogram-trust$hHF5548.2$i.W665
=866  30$80$a8(1981)-9(1982)

