=LDR  00665ny  a22002053n 4500
=001  22886714950003841
=003  TestILS
=004  991018847149703841
=005  20210520081217.71
=007  ta
=008  1401170u\\\\0\\\0001ba\\\0\\\\\\\\\\\\\\
=014  1\$a3928737$bOCoLC
=022  \\$a0141-108X
=035  \\$a(OCoLC)3928737
=035  \\$a(TestILS)c13381696-01asu_inst
=245  04$aThe Durham and Newcastle research review.
=561  \\$aTESTINST1
=583  \\$acommitted to retain$c20140117$dDecember 31, 2035$fTESTPROGRAM$fTESTPROGRAM Silver$uhttp://localhost/services/testprogram/docs/TESTPROGRAMProgramStatement.pdf
=583  \\$acompleteness reviewed$c20140117$fTESTPROGRAM$fTESTPROGRAM Silver$ivolume-level
=852  0\$aTESTINST1$bHDC$ctestprogram-trust
=866  30$80$ano.39(1977)-56(1986)

