=LDR  00652nx  a22001811n 4500
=003  TestILS
=004  991022843869703841
=007  ta
=001  221129788610003841
=008  1910315u\\\\0\\\0000ba\\\0\\\\\\
=005  20210520081218.13
=035  \\$a(OCoLC)5105333
=245  00$aEnglish literature, 1660-1800;$ba bibliography of modern studies.
=583  \\$acommitted to retain$c20191031$dDecember 31, 2035$fTESTPROGRAM$fTESTPROGRAM Gold$uhttp://localhost/services/testprogram/docs/TESTPROGRAMProgramStatement.pdf
=583  \\$acompleteness reviewed$c20191031$fTESTPROGRAM$fTESTPROGRAM Gold$iissue level$lreprints$zv.1-6
=583  \\$acondition reviewed$c20191031$fTESTPROGRAM$fTESTPROGRAM Gold$iissue level
=561  \\$aTESTINST1
=852  0\$aTESTINST1$bHDC$ctestprogram-trust$hPR441$i.E7x
=866  30$80$a1(1926)-6(1970)

