=LDR  00631nx  a22001811n 4500
=003  TestILS
=004  991011692969703841
=007  ta
=001  221067280820003841
=008  1805140u\\\\0\\\0000ba\\\0\\\\\\
=005  20210520081218.13
=022  \\$a0024-6964
=035  \\$a(OCoLC)1756242
=245  00$aLouvain studies.
=583  \\$acommitted to retain$c20180514$dDecember 31, 2035$fTESTPROGRAM$fTESTPROGRAM Silver$uhttp://localhost/services/testprogram/docs/TESTPROGRAMProgramStatement.pdf
=583  \\$acompleteness reviewed$c20180514$fTESTPROGRAM$fTESTPROGRAM Silver$ivolume level$lmissing volumes$zmissing v.1-6; v.27-30
=561  \\$aTESTINST1
=852  0\$aTESTINST1$bHDC$ctestprogram-trust$hBX801 .L6
=866  30$80$a7(1978)-26(2001)

