=LDR  00611nx  a22001931n 4500
=003  TestILS
=004  991011825519703841
=007  ta
=001  221059125270003841
=008  1803070u\\\\0\\\0000ba\\\0\\\\\\
=005  20210520081217.75
=022  \\$a0094-6893
=035  \\$a(OCoLC)1794851
=245  00$aEconomic review.
=583  \\$acommitted to retain$c20180406$dDecember 31, 2035$fTESTPROGRAM$fTESTPROGRAM Silver$uhttp://localhost/services/testprogram/docs/TESTPROGRAMProgramStatement.pdf
=583  \\$acompleteness reviewed$c20180406$fTESTPROGRAM$fTESTPROGRAM Silver$ivolume level
=561  \\$aTESTINST1
=561  \\$aCCO
=852  0\$aTESTINST1$bHDC$ctestprogram-trust$hHC107.A118
=866  30$80$a6(1974)-78(1992)

