=LDR  00631ny  a22002053n 4500
=001  22956211310003841
=003  TestILS
=004  991011725599703841
=005  20210520081217.47
=007  ta
=008  1205020u\\\\0\\\0001ba\\\0\\\\\\\\\\\\\\
=014  1\$a1763843$bOCoLC
=022  \\$a0034-6780
=030  \\$aRESVAR
=035  \\$a(OCoLC)1763843
=035  \\$a(TestILS)c12689762-01asu_inst
=245  00$aReview of surgery.
=561  \\$aTESTINST1
=583  \\$acommitted to retain$c20120502$dDecember 31, 2035$fTESTPROGRAM$fTESTPROGRAM Bronze$uhttp://localhost/services/testprogram/docs/TESTPROGRAMProgramStatement.pdf
=852  0\$aTESTINST1$bHDC$ctestprogram-trust
=866  30$80$a4(1946), 7(1950)-14(1957), 22(1965)-34(1977)

