=LDR  00716ny  a22002053n 4500
=001  22834268640003841
=003  TestILS
=004  991011811909703841
=005  20210520081217.74
=007  ta
=008  1404160u\\\\0\\\0001ba\\\0\\\\\\\\\\\\\\
=014  1\$a1789589$bOCoLC
=022  \\$a0210-4547
=035  \\$a(OCoLC)1789589
=035  \\$a(TestILS)c13391525-01asu_inst
=245  00$aAnales de literatura hispanoamericana.
=561  \\$aTESTINST1
=583  \\$acommitted to retain$c20140416$dDecember 31, 2035$fTESTPROGRAM$fTESTPROGRAM Silver$uhttp://localhost/services/testprogram/docs/TESTPROGRAMProgramStatement.pdf
=583  \\$acompleteness reviewed$c20140416$fTESTPROGRAM$fTESTPROGRAM Silver$ivolume-level$lmissing volumes$zmissing nos. 10-16
=852  0\$aTESTINST1$bHDC$ctestprogram-trust
=866  30$80$a1(1972)-9(1980), 17(1988)-35(2006)

