=LDR  00579nx  a22001691n 4500
=003  TestILS
=004  991048174991803841
=007  ta
=001  221059125320003841
=008  1803070u\\\\0\\\0000ba\\\0\\\\\\
=005  20210520081217.40
=035  \\$a(OCoLC)6936255
=245  00$aFarm journal and country gentleman
=583  \\$acommitted to retain$c20180406$dDecember 31, 2035$fTESTPROGRAM$fTESTPROGRAM Silver$uhttp://localhost/services/testprogram/docs/TESTPROGRAMProgramStatement.pdf
=583  \\$acompleteness reviewed$c20180406$fTESTPROGRAM$fTESTPROGRAM Silver$ivolume level
=561  \\$aTESTINST1
=852  0\$aTESTINST1$bHDC$ctestprogram-trust$hS1$i.F25
=866  30$80$a79, no.9(1955)-v.80, no.11(1956)

