=LDR  00852ny  a22002173n 4500
=001  22906447870003841
=003  TestILS
=004  991011605609703841
=005  20210520081217.90
=007  ta
=008  1206280u\\\\0\\\0001ba\\\0\\\\\\\\\\\\\\
=014  1\$a1632609$bOCoLC
=022  \\$a0046-3663$l0046-3663
=030  \\$aFMSDA2
=035  \\$a(OCoLC)1632609
=035  \\$a(TestILS)c12807370-01asu_inst
=245  00$aFeminist studies :$bFS.
=561  \\$aTESTINST1
=583  \\$acommitted to retain$c20120628$dDecember 31, 2035$fTESTPROGRAM$fTESTPROGRAM Silver$uhttp://localhost/services/testprogram/docs/TESTPROGRAMProgramStatement.pdf
=583  \\$acompleteness reviewed$c20120628$fTESTPROGRAM$fTESTPROGRAM Silver$ivolume-level$lmissing volumes$zmissing vol. 1 issue 1 and vol. 2 issue 1$lbinding patterns vary$zfor vols. 26-31 issues 1-2 & 3 bound as two separate units
=852  0\$aTESTINST1$bHDC$ctestprogram-trust$hHQ1101$i.F46
=866  30$80$a1(1972)-31(2005)

