=LDR  00776    a2200217 n 4500
=001  22914961450003841
=003  TestILS
=004  991037154129703841
=005  20210520081217.99
=007  ta
=008  1605090u\\\\0\\\0001ba\\\0\\\\\\\\\\\\\\
=014  1\$a14054076$bOCoLC
=022  0\$a0894-6108
=035  \\$a(OCoLC)14054076
=035  \\$a(TestILS)c13794309-01asu_inst
=245  00$aULI market profiles.
=561  \\$aTESTINST1
=583  \\$acommitted to retain$c20160509$dDecember 31, 2035$fTESTPROGRAM$fTESTPROGRAM Gold$uhttp://localhost/services/testprogram/docs/TESTPROGRAMProgramStatement.pdf
=583  \\$acompleteness reviewed$c20160509$fTESTPROGRAM$fTESTPROGRAM Gold$iissue-level$lmissing volumes$zmissing 1988
=583  \\$acondition reviewed$c20160509$fTESTPROGRAM$fTESTPROGRAM Gold$iissue-level
=852  0\$aTESTINST1$bHDC$ctestprogram-trust
=866  30$80$a(1986)-(1987), (1989)-(1994)

