=LDR  00725ny  a22002053n 4500
=001  22929140730003841
=003  TestILS
=004  991002174329703841
=005  20210520081217.78
=007  ta
=008  1505270u\\\\0\\\0001ba\\\0\\\\\\\\\\\\\\
=014  1\$a22218190$bOCoLC
=022  0\$a1052-2263
=035  \\$a(OCoLC)22218190
=035  \\$a(TestILS)c13605719-01asu_inst
=245  00$aJournal of vocational rehabilitation.
=561  \\$aTESTINST1
=583  \\$acommitted to retain$c20150527$dDecember 31, 2035$fTESTPROGRAM$fTESTPROGRAM Silver$uhttp://localhost/services/testprogram/docs/TESTPROGRAMProgramStatement.pdf
=583  \\$acompleteness reviewed$c20150527$fTESTPROGRAM$fTESTPROGRAM Silver$ivolume-level$lmissing volumes$zmissing vols. 1-3; vol. 20 issue 3; vol. 21
=852  0\$aTESTINST1$bHDC$ctestprogram-trust
=866  30$80$a4(1994)-20(2004)

