=LDR  00765ny  a22002173n 4500
=001  22906564630003841
=003  TestILS
=004  991011607699703841
=005  20210520081217.90
=007  ta
=008  1312060u\\\\0\\\0001ba\\\0\\\\\\\\\\\\\\
=014  1\$a1639290$bOCoLC
=022  0\$a0361-8676
=035  \\$a(OCoLC)1639290
=035  \\$a(TestILS)c13286638-01asu_inst
=245  00$aSouth Dakota history.
=561  \\$aTESTINST1
=561  \\$aNTD
=583  \\$acommitted to retain$c20131206$dDecember 31, 2035$fTESTPROGRAM$fTESTPROGRAM Silver$uhttp://localhost/services/testprogram/docs/TESTPROGRAMProgramStatement.pdf
=583  \\$acompleteness reviewed$c20131206$fTESTPROGRAM$fTESTPROGRAM Silver$ivolume-level$lbinding patterns vary$zfor 20-21, 23-28 two volumes bound together as single piece
=852  0\$aTESTINST1$bHDC$ctestprogram-trust
=866  30$80$a1(1970)-35(2005)

