=LDR  00785ny  a22002173n 4500
=001  22934831220003841
=003  TestILS
=004  991011528569703841
=005  20210520081217.94
=007  ta
=008  1206110u\\\\0\\\0001ba\\\0\\\\\\\\\\\\\\
=014  1\$a1564555$bOCoLC
=022  \\$a0010-4124$l0010-4124
=035  \\$a(OCoLC)1564555
=035  \\$a(TestILS)c12792366-01asu_inst
=245  00$aComparative literature.
=561  \\$aTESTINST1
=583  \\$acommitted to retain$c20120611$dDecember 31, 2035$fTESTPROGRAM$fTESTPROGRAM Silver$uhttp://localhost/services/testprogram/docs/TESTPROGRAMProgramStatement.pdf
=583  \\$acompleteness reviewed$c20120611$fTESTPROGRAM$fTESTPROGRAM Silver$ivolume-level$lbinding patterns vary$zvol. 3-4, 8-9 bound 2 volumes together
=852  0\$aTESTINST1$bHDC$ctestprogram-trust$hPN851$i.C595
=866  30$80$a1(1949)-57(2005)
=868  30$80$a1(1949)-15(1963)

