=LDR  00604nx  a22001811n 4500
=003  TestILS
=004  991009391459703841
=007  ta
=001  221111805220003841
=008  1906120u\\\\0\\\0000ba\\\0\\\\\\
=005  20210520081217.96
=022  \\$a1521-0774
=035  \\$a(OCoLC)39624549
=245  00$aCall center solutions.
=583  \\$acommitted to retain$c20190612$dDecember 31, 2035$fTESTPROGRAM$fTESTPROGRAM Silver$uhttp://localhost/services/testprogram/docs/TESTPROGRAMProgramStatement.pdf
=583  \\$acompleteness reviewed$c20190612$fTESTPROGRAM$fTESTPROGRAM Silver$ivolume level
=561  \\$aTESTINST1
=852  0\$aTESTINST1$bHDC$ctestprogram-trust$hHF5438.3$i.T44x
=866  30$80$a17(1998)-18, no.6(1999)

