=LDR  00768nx  a22002051n 4500
=003  TestILS
=004  991011857929703841
=007  ta
=001  221130088560003841
=008  1910315u\\\\0\\\0000ba\\\0\\\\\\
=005  20210520081217.38
=022  \\$a0085-0888$l0085-0888
=035  \\$a(OCoLC)2014769$z(OCoLC)608785
=245  00$aFrench XX bibliography.
=583  \\$acommitted to retain$c20191031$dDecember 31, 2035$fTESTPROGRAM$fTESTPROGRAM Gold$uhttp://localhost/services/testprogram/docs/TESTPROGRAMProgramStatement.pdf
=583  \\$acompleteness reviewed$c20191031$fTESTPROGRAM$fTESTPROGRAM Gold$iissue level$lmissing issues$zmissing v.10:5(1998)
=583  \\$acondition reviewed$c20191031$fTESTPROGRAM$fTESTPROGRAM Gold$iissue level
=561  \\$aTESTINST1
=852  0\$aTESTINST1$bHDC$ctestprogram-trust$hPQ305$i.F74x
=866  30$80$a5(1969)-14, no.1(2015)
=868  30$80$a5(1969)-8(1988)

