=LDR  00798ny  a22002173n 4500
=001  22890268180003841
=003  TestILS
=004  991008181449703841
=005  20210520081217.50
=007  ta
=008  1505010u\\\\0\\\0001ba\\\0\\\\\\\\\\\\\\
=014  1\$a37602660$bOCoLC
=022  \\$a0016-741X
=035  \\$a(OCoLC)37602660
=035  \\$a(TestILS)c1359624x-01asu_inst
=245  10$aGeographical :$bthe Royal Geographical Society magazine.
=561  \\$aTESTINST1
=561  \\$aNTD
=583  \\$acommitted to retain$c20150501$dDecember 31, 2035$fTESTPROGRAM$fTESTPROGRAM Silver$uhttp://localhost/services/testprogram/docs/TESTPROGRAMProgramStatement.pdf
=583  \\$acompleteness reviewed$c20150501$fTESTPROGRAM$fTESTPROGRAM Silver$ivolume-level$lbinding patterns vary$z1997-2002, vols split into two pieces; for 2003-2005 volumes split into three pieces
=852  0\$aTESTINST1$bHDC$ctestprogram-trust
=866  30$80$a69 no.7(1997)-77(2005)

