=LDR  00685ny  a22002053n 4500
=001  22895191880003841
=003  TestILS
=004  991006437599703841
=005  20210520081218.17
=007  ta
=008  1305290u\\\\0\\\0001ba\\\0\\\\\\\\\\\\\\
=014  1\$a52476218$bOCoLC
=022  \\$a1477-2019$l1477-2019
=035  \\$a(OCoLC)52476218
=035  \\$a(TestILS)c13181270-01asu_inst
=245  00$aJournal of systematic palaeontology.
=561  \\$aCUS
=583  \\$acommitted to retain$c20130529$dDecember 31, 2035$fTESTPROGRAM$fTESTPROGRAM Silver$uhttp://localhost/services/testprogram/docs/TESTPROGRAMProgramStatement.pdf
=583  \\$acompleteness reviewed$c20130529$fTESTPROGRAM$fTESTPROGRAM Silver$ivolume-level
=852  0\$aTESTINST1$bHDC$ctestprogram-trust$hQE1$i.J838
=866  30$80$a1(2003)-3(2005)

