=LDR  00800nx  a22001931n 4500
=003  TestILS
=004  991011919969703841
=007  ta
=001  221048431340003841
=008  1801055u\\\\0\\\0000ba\\\0\\\\\\
=005  20210520081217.89
=022  \\$a0361-5499
=035  \\$a(OCoLC)2255097
=245  00$aNational geographic world.
=583  \\$acommitted to retain$c20180105$dDecember 31, 2035$fTESTPROGRAM$fTESTPROGRAM Gold$uhttp://localhost/services/testprogram/docs/TESTPROGRAMProgramStatement.pdf
=583  \\$acompleteness reviewed$c20180105$fTESTPROGRAM$fTESTPROGRAM Gold$iissue level$lmissing volumes$zmissing no.4-10, 26, 55, 278
=583  \\$acondition reviewed$c20180105$fTESTPROGRAM$fTESTPROGRAM Gold$iissue level
=561  \\$aTESTINST1
=852  0\$aTESTINST1$bHDC$ctestprogram-trust$hG1$i.N325
=866  30$80$a1(1975)-3(1976), 11(1976)-25(1977), 27(1977)-54(1980), 56(1980)-277(1998), 279(1998)-304(2000), (2001)-(2002)

