=LDR  00689ny  a22002173n 4500
=001  22969196270003841
=003  TestILS
=004  991001635069703841
=005  20210520081217.78
=007  ta
=008  1306140u\\\\0\\\0001ba\\\0\\\\\\\\\\\\\\
=014  1\$a21531945$bOCoLC
=022  \\$a0957-6509
=030  \\$aPMAEET
=035  \\$a(OCoLC)21531945
=035  \\$a(TestILS)c13185536-01asu_inst
=245  00$aProceedings of the Institution of Mechanical Engineers.$nPart A,$pJournal of power and energy.
=561  \\$aTESTINST1
=583  \\$acommitted to retain$c20130614$dDecember 31, 2035$fTESTPROGRAM$fTESTPROGRAM Silver$uhttp://localhost/services/testprogram/docs/TESTPROGRAMProgramStatement.pdf
=583  \\$acompleteness reviewed$c20130614$fTESTPROGRAM$fTESTPROGRAM Silver$ivolume-level
=852  0\$aTESTINST1$bHDC$ctestprogram-trust
=866  30$80$a204(1990)-219(2005)

