=LDR  00824    a2200217 n 4500
=001  22935359900003841
=003  TestILS
=004  991011533709703841
=005  20210520081217.94
=007  ta
=008  1308190u\\\\0\\\0001ba\\\0\\\\\\\\\\\\\\
=014  1\$a1565430$bOCoLC
=022  0\$a0011-1317
=035  \\$a(OCoLC)1565430
=035  \\$a(TestILS)c13245247-01asu_inst
=245  00$aCriminal law bulletin.
=561  \\$aAZC
=583  \\$acommitted to retain$c20130819$dDecember 31, 2035$fTESTPROGRAM$fTESTPROGRAM Gold$uhttp://localhost/services/testprogram/docs/TESTPROGRAMProgramStatement.pdf
=583  \\$acompleteness reviewed$c20130819$fTESTPROGRAM$fTESTPROGRAM Gold$iissue-level$lmissing issues$zmissing vol. 1 issue 12; vol. 6 issue 4
=583  \\$acondition reviewed$c20130819$fTESTPROGRAM$fTESTPROGRAM Gold$iissue-level$lmissing pages$zvol. 14 missing pgs
=852  0\$aTESTINST1$bHDC$ctestprogram-trust
=866  30$80$a1(1965)-41(2005)

