=LDR  00713nx  a22001931n 4500
=003  TestILS
=004  991046173009703841
=007  ta
=001  221126707820003841
=008  1908165u\\\\0\\\0000ba\\\0\\\\\\
=005  20210520081217.73
=022  \\$a1549-9723$y0278-3509
=035  \\$a(OCoLC)48969159
=245  00$aMergent international manual /$cMergent.
=583  \\$acommitted to retain$c20190823$dDecember 31, 2035$fTESTPROGRAM$fTESTPROGRAM Gold$uhttp://localhost/services/testprogram/docs/TESTPROGRAMProgramStatement.pdf
=583  \\$acompleteness reviewed$c20190823$fTESTPROGRAM$fTESTPROGRAM Gold$iissue level$lmissing issues$z(2012)-(2015) missing
=583  \\$acondition reviewed$c20190823$fTESTPROGRAM$fTESTPROGRAM Gold$iissue level
=561  \\$aTESTINST1
=852  0\$aTESTINST1$bHDC$ctestprogram-trust$hHG4961$i.M675x
=866  30$80$a(2001)-(2011)

