=LDR  00803    a2200229 n 4500
=001  22888190090003841
=003  TestILS
=004  991047351019703841
=005  20210520081217.39
=007  ta
=008  1705080u\\\\0\\\0001ba\\\0\\\\\\\\\\\\\\
=014  1\$a27786256$bOCoLC
=022  0\$a1068-7424
=030  \\$aPSDREN
=035  \\$a(OCoLC)27786256
=035  \\$a(TestILS)c14146654-01asu_inst
=245  00$aParticles on surfaces :$bdetection, adhesion, and removal.
=561  \\$aTESTINST1
=583  \\$acommitted to retain$c20170508$dDecember 31, 2035$fTESTPROGRAM$fTESTPROGRAM Gold$uhttp://localhost/services/testprogram/docs/TESTPROGRAMProgramStatement.pdf
=583  \\$acompleteness reviewed$c20170508$fTESTPROGRAM$fTESTPROGRAM Gold$iissue-level$lmissing volumes$zmissing no.no.5-7
=583  \\$acondition reviewed$c20170508$fTESTPROGRAM$fTESTPROGRAM Gold$iissue-level
=852  0\$aTESTINST1$bHDC$ctestprogram-trust
=866  30$80$ano.1(1988)-4(1995), 8(2003)

