=LDR  00821    a2200229 n 4500
=001  22960991380003841
=003  TestILS
=004  991014162959703841
=005  20210520081217.92
=007  ta
=008  1605200u\\\\0\\\0001ba\\\0\\\\\\\\\\\\\\
=014  1\$a2360308$bOCoLC
=022  \\$a0073-2095
=035  \\$a(OCoLC)2360308
=035  \\$a(TestILS)c13831720-01asu_inst
=245  00$aRecords in review.
=561  \\$aTESTINST1
=561  \\$aUUS
=583  \\$acommitted to retain$c20160520$dDecember 31, 2035$fTESTPROGRAM$fTESTPROGRAM Gold$uhttp://localhost/services/testprogram/docs/TESTPROGRAMProgramStatement.pdf
=583  \\$acompleteness reviewed$c20160520$fTESTPROGRAM$fTESTPROGRAM Gold$iissue-level
=583  \\$acondition reviewed$c20160520$fTESTPROGRAM$fTESTPROGRAM Gold$iissue-level$lmarginalia$z1958, 1959, 1963-64, 1968-70, 1973 marginalia
=852  0\$aTESTINST1$bHDC$ctestprogram-trust$hML156.9$i.H5
=866  30$80$a(1958)-(1981)

