=LDR  00724nx  a22001811n 4500
=003  TestILS
=004  991030578499703841
=007  ta
=001  221059122280003841
=008  1801235u\\\\0\\\0000ba\\\0\\\\\\
=005  20210520081217.57
=035  \\$a(OCoLC)9270694
=245  00$6880-01$aTamkang journal.$pLiberal arts, business, sciences, and engineering =$bDanjiang xue bao. Wen shang li gong bu men.
=583  \\$acommitted to retain$c20180423$dDecember 31, 2035$fTESTPROGRAM$fTESTPROGRAM Gold$uhttp://localhost/services/testprogram/docs/TESTPROGRAMProgramStatement.pdf
=583  \\$acompleteness reviewed$c20180423$fTESTPROGRAM$fTESTPROGRAM Gold$iissue level$lmissing volumes$zmissing no.23-24; no.28
=583  \\$acondition reviewed$c20180423$fTESTPROGRAM$fTESTPROGRAM Gold$iissue level
=561  \\$aTESTINST1
=852  0\$aTESTINST1$bHDC$ctestprogram-trust$hAS455 .A1 T348x
=866  30$80$ano.17(1980)-22(1985), 25(1987)-27(1989), 29(1990)-32(1993)

