=LDR  00773    a2200229 n 4500
=001  22881605990003841
=003  TestILS
=004  991022844989703841
=005  20210520081218.13
=007  ta
=008  1405150u\\\\0\\\0001ba\\\0\\\\\\\\\\\\\\
=014  1\$a5116346$bOCoLC
=022  0\$a0192-6179
=030  \\$aMENRD9
=035  \\$a(OCoLC)5116346
=035  \\$a(TestILS)c13404209-01asu_inst
=245  00$aMineral & energy resources.
=561  \\$aTESTINST1
=583  \\$acommitted to retain$c20140515$dDecember 31, 2035$fTESTPROGRAM$fTESTPROGRAM Gold$uhttp://localhost/services/testprogram/docs/TESTPROGRAMProgramStatement.pdf
=583  \\$acompleteness reviewed$c20140515$fTESTPROGRAM$fTESTPROGRAM Gold$iissue-level
=583  \\$acondition reviewed$c20140515$fTESTPROGRAM$fTESTPROGRAM Gold$iissue-level
=852  0\$aTESTINST1$bHDC$ctestprogram-trust$hTN1$i.M534
=866  30$80$a22, no.4(1979)-29(1986)

