=LDR  00678ny  a22002053n 4500
=001  22940191370003841
=003  TestILS
=004  991008529839703841
=005  20210520081217.50
=007  ta
=008  1308130u\\\\0\\\0001ba\\\0\\\\\\\\\\\\\\
=014  1\$a1567781$bOCoLC
=022  \\$a0424-8767
=035  \\$a(OCoLC)1567781
=035  \\$a(TestILS)c13230670-01asu_inst
=245  00$aElementary school science bulletin.
=561  \\$aORE
=583  \\$acommitted to retain$c20130813$dDecember 31, 2035$fTESTPROGRAM$fTESTPROGRAM Silver$uhttp://localhost/services/testprogram/docs/TESTPROGRAMProgramStatement.pdf
=583  \\$acompleteness reviewed$c20130813$fTESTPROGRAM$fTESTPROGRAM Silver$ivolume-level
=852  0\$aTESTINST1$bHDC$ctestprogram-trust$hLB1585$i.E37
=866  30$80$ano.1(1952)-78(1963)

