=LDR  00660nx  a22001931n 4500
=003  TestILS
=004  991002181859703841
=007  ta
=001  221132129900003841
=008  1912315u\\\\0\\\0000ba\\\0\\\\\\
=005  20210520081217.79
=022  \\$a1053-1378
=035  \\$a(OCoLC)22460513
=245  00$aEducational rankings annual.
=583  \\$acommitted to retain$c20191231$dDecember 31, 2035$fTESTPROGRAM$fTESTPROGRAM Gold$uhttp://localhost/services/testprogram/docs/TESTPROGRAMProgramStatement.pdf
=583  \\$acompleteness reviewed$c20191231$fTESTPROGRAM$fTESTPROGRAM Gold$iissue level
=583  \\$acondition reviewed$c20191231$fTESTPROGRAM$fTESTPROGRAM Gold$iissue level
=561  \\$aTESTINST1
=852  0\$aTESTINST1$bHDC$ctestprogram-trust$hL11$i.E458x
=866  30$80$a(1991)-(2006)

