=LDR  00684nx  a22001931n 4500
=003  TestILS
=004  991008766299703841
=007  ta
=001  221058860800003841
=008  1803070u\\\\0\\\0000ba\\\0\\\\\\
=005  20210520081217.54
=022  \\$a0305-9014
=035  \\$a(OCoLC)1232474
=245  00$aPublic finance and accountancy.
=583  \\$acommitted to retain$c20180406$dDecember 31, 2035$fTESTPROGRAM$fTESTPROGRAM Silver$uhttp://localhost/services/testprogram/docs/TESTPROGRAMProgramStatement.pdf
=583  \\$acompleteness reviewed$c20180406$fTESTPROGRAM$fTESTPROGRAM Silver$ivolume level$lmissing volumes$zmissing v.8:9; 1990 FEB 16 & MAR 2; 1991 JAN 4 & JUN 28
=561  \\$aTESTINST1
=561  \\$aUUS
=852  0\$aTESTINST1$bHDC$ctestprogram-trust$hHJ8627 .P83x
=866  30$80$a(1976)-(1993)

