=LDR  00702nx  a22001931n 4500
=003  TestILS
=004  991016516469703841
=007  ta
=001  221132358270003841
=008  1912315u\\\\0\\\0000ba\\\0\\\\\\
=005  20210520081218.10
=022  \\$a0538-9089
=035  \\$a(OCoLC)2932842
=245  00$aFamily planning in five continents.
=583  \\$acommitted to retain$c20191231$dDecember 31, 2035$fTESTPROGRAM$fTESTPROGRAM Gold$uhttp://localhost/services/testprogram/docs/TESTPROGRAMProgramStatement.pdf
=583  \\$acompleteness reviewed$c20191231$fTESTPROGRAM$fTESTPROGRAM Gold$iissue level$lmissing issues 1965-75, 1977-78, 1980-89
=583  \\$acondition reviewed$c20191231$fTESTPROGRAM$fTESTPROGRAM Gold$iissue level
=561  \\$aTESTINST1
=852  0\$aTESTINST1$bHDC$ctestprogram-trust$hHQ766$i.I52
=866  30$80$a(1976), (1979)

