=LDR  00576nx  a22001691n 4500
=003  TestILS
=004  991011660889703841
=007  ta
=001  221067304180003841
=008  1805140u\\\\0\\\0000ba\\\0\\\\\\
=005  20210520081217.61
=035  \\$a(OCoLC)1716625
=245  00$aBetter food :$bformerly American cookery : the professional magazine of food education and group feeding.
=583  \\$acommitted to retain$c20180514$dDecember 31, 2035$fTESTPROGRAM$fTESTPROGRAM Silver$uhttp://localhost/services/testprogram/docs/TESTPROGRAMProgramStatement.pdf
=583  \\$acompleteness reviewed$c20180514$fTESTPROGRAM$fTESTPROGRAM Silver$ivolume level
=561  \\$aTESTINST1
=852  0\$aTESTINST1$bHDC$ctestprogram-trust$hTX1 .A6
=866  30$80$a51, no.10(1946)-52, no.9(1947)

