=LDR  00521ny  a22001693n 4500
=003  TestILS
=004  991011813579703841
=005  20210520081217.74
=001  221156769040003841
=007  ta
=008  2011130u\\\\0\\\0000ba\\\0\\\\\\
=022  \\$a0021-8251
=035  \\$a(OCoLC)1790822
=245  00$aJournal for research in mathematics education.
=561  \\$aTESTINST1
=583  \\$acommitted to retain$c20201113$d20351231$fTESTPROGRAM$fTESTPROGRAM Bronze$uhttp://localhost/services/testprogram/docs/TESTPROGRAMProgramStatement.pdf
=852  0\$aTESTINST1$bHDC$ctestprogram-trust$hQA11.A1$iJ68
=866  30$80$a7(1976)-9(1978), 11(1980)-46(2015)

