=LDR  00686nx  a22001811n 4500
=003  TestILS
=004  991033907719703841
=007  ta
=001  221067406260003841
=008  1805165u\\\\0\\\0000ba\\\0\\\\\\
=005  20210520081218.01
=035  \\$a(OCoLC)11609672
=245  00$aManual of highway carriers.
=583  \\$acommitted to retain$c20180523$dDecember 31, 2035$fTESTPROGRAM$fTESTPROGRAM Gold$uhttp://localhost/services/testprogram/docs/TESTPROGRAMProgramStatement.pdf
=583  \\$acompleteness reviewed$c20180523$fTESTPROGRAM$fTESTPROGRAM Gold$iissue level$lmissing volumes$zmissing no.1-6; no.8-9
=583  \\$acondition reviewed$c20180523$fTESTPROGRAM$fTESTPROGRAM Gold$iissue level
=561  \\$aTESTINST1
=852  0\$aTESTINST1$bHDC$ctestprogram-trust$hHE5623.A1$iT685
=866  30$80$ano.7(1951), 10(1954)

