=LDR  00649nx  a22001811n 4500
=003  TestILS
=004  991027124849703841
=007  ta
=001  221114405700003841
=008  1908080u\\\\0\\\0000ba\\\0\\\\\\
=005  20210520081217.68
=022  \\$a0243-6450
=035  \\$a(OCoLC)7163007
=245  00$aMots.
=583  \\$acommitted to retain$c20190808$dDecember 31, 2035$fTESTPROGRAM$fTESTPROGRAM Silver$uhttp://localhost/services/testprogram/docs/TESTPROGRAMProgramStatement.pdf
=583  \\$acompleteness reviewed$c20190808$fTESTPROGRAM$fTESTPROGRAM Silver$ivolume level$lmissing volumes$zmissing no.71
=561  \\$aTESTINST1
=852  0\$aTESTINST1$bHDC$ctestprogram-trust$hJA11$i.M68
=866  30$80$ano.1(1980)-70(2002), no.72(2003)-106(2015)

