=LDR  00949ny  a22002413n 4500
=001  22961814240003841
=003  TestILS
=004  991011729629703841
=005  20210520081217.48
=007  ta
=008  1206260u\\\\0\\\0001ba\\\0\\\\\\\\\\\\\\
=014  1\$a1764613$bOCoLC
=022  \\$a0080-4630
=022  \\$a0950-1207
=030  \\$aPRLAAZ
=035  \\$a(OCoLC)1764613
=035  \\$a(TestILS)c1280678x-01asu_inst
=245  10$aProceedings of the Royal Society of London.$nSeries A,$pContaining papers of a mathematical and physical character.
=561  \\$aTESTINST1
=561  \\$aCDS
=583  \\$acommitted to retain$c20120626$dDecember 31, 2035$fTESTPROGRAM$fTESTPROGRAM Silver$uhttp://localhost/services/testprogram/docs/TESTPROGRAMProgramStatement.pdf
=583  \\$acompleteness reviewed$c20120626$fTESTPROGRAM$fTESTPROGRAM Silver$ivolume-level$lmissing volumes$zmissing vol. .84,90,98,100-105,107, 234-238$lreprints$zv.220 OCT 22-DEC 22 1953 reprint
=852  0\$aTESTINST1$bHDC$ctestprogram-trust$hQ41$i.L7 Ser. A
=866  30$80$a76(1905)-83(1909/1910), 85(1911)-89(1913/1914), 91(1914/1915)-97(1920), 99(1921), 106(1924), 108(1925)-429(1990)

