=LDR  00682ny  a22002173n 4500
=001  22871944610003841
=003  TestILS
=004  991007504709703841
=005  20210520081217.49
=007  ta
=008  1306030u\\\\0\\\0001ba\\\0\\\\\\\\\\\\\\
=014  1\$a25269273$bOCoLC
=022  \\$a1359-4869
=035  \\$a(OCoLC)25269273
=035  \\$a(TestILS)c13182778-01asu_inst
=245  00$aBotanical journal of Scotland.
=561  \\$aTESTINST1
=561  \\$aWAU
=583  \\$acommitted to retain$c20130603$dDecember 31, 2035$fTESTPROGRAM$fTESTPROGRAM Silver$uhttp://localhost/services/testprogram/docs/TESTPROGRAMProgramStatement.pdf
=583  \\$acompleteness reviewed$c20130603$fTESTPROGRAM$fTESTPROGRAM Silver
=852  0\$aTESTINST1$bHDC$ctestprogram-trust$hQK1$i.B337
=866  30$80$a46(1991)-58(2006)

