=LDR  00683ny  a22002053n 4500
=001  22817881720003841
=003  TestILS
=004  991001817869703841
=005  20210520081217.78
=007  ta
=008  1206260u\\\\0\\\0001ba\\\0\\\\\\\\\\\\\\
=014  1\$a34161906$bOCoLC
=022  \\$a1364-5021
=035  \\$a(OCoLC)34161906
=035  \\$a(TestILS)c1280681x-01asu_inst
=245  00$aProceedings.$pMathematical, physical, and engineering sciences /$cthe Royal Society.
=561  \\$aTESTINST1
=583  \\$acommitted to retain$c20120626$dDecember 31, 2035$fTESTPROGRAM$fTESTPROGRAM Silver$uhttp://localhost/services/testprogram/docs/TESTPROGRAMProgramStatement.pdf
=583  \\$acompleteness reviewed$c20120626$fTESTPROGRAM$fTESTPROGRAM Silver$ivolume-level
=852  0\$aTESTINST1$bHDC$ctestprogram-trust$hQ41$i.L7 Ser. A
=866  30$80$a452(1996)-461(2005)

