=LDR  00645nx  a22001811n 4500
=003  TestILS
=004  991011568619703841
=007  ta
=001  221114788400003841
=008  1908140u\\\\0\\\0000ba\\\0\\\\\\
=005  20210520081218.05
=022  \\$a0083-7075
=035  \\$a(OCoLC)1586992
=245  10$aWall Street journal.$pIndex.
=583  \\$acommitted to retain$c20190814$dDecember 31, 2035$fTESTPROGRAM$fTESTPROGRAM Silver$uhttp://localhost/services/testprogram/docs/TESTPROGRAMProgramStatement.pdf
=583  \\$acompleteness reviewed$c20190814$fTESTPROGRAM$fTESTPROGRAM Silver$ivolume level$lmissing volumes$zmissing (1998:2), (2000)
=561  \\$aTESTINST1
=852  0\$aTESTINST1$bHDC$ctestprogram-trust$hHG1$i.W26
=868  30$80$a(1955)-(1999), (2001)-(2015)

