=LDR  00859    a2200229 n 4500
=001  22969361530003841
=003  TestILS
=004  991011712849703841
=005  20210520081217.87
=007  ta
=008  1605010u\\\\0\\\0001ba\\\0\\\\\\\\\\\\\\
=014  1\$a1761845$bOCoLC
=022  \\$a0031-1065
=035  \\$a(OCoLC)1761845
=035  \\$a(TestILS)c13785655-01asu_inst
=245  00$aPapeles de Son Armadans.
=561  \\$aTESTINST1
=583  \\$acommitted to retain$c20160501$dDecember 31, 2035$fTESTPROGRAM$fTESTPROGRAM Gold$uhttp://localhost/services/testprogram/docs/TESTPROGRAMProgramStatement.pdf
=583  \\$acompleteness reviewed$c20160501$fTESTPROGRAM$fTESTPROGRAM Gold$iissue-level
=583  \\$acondition reviewed$c20160501$fTESTPROGRAM$fTESTPROGRAM Gold$iissue-level$lmissing covers$zmissing covers no.1-3, 19-20, 22-31-33, 52, 55-57
=852  0\$aTESTINST1$bHDC$ctestprogram-trust
=866  30$80$a1(1956)-92(1979)
=867  30$80$ano.33(1958), 58(1960), 59(1960), 69(1961)

