=LDR  00779    a2200229 n 4500
=001  22826785870003841
=003  TestILS
=004  991008773259703841
=005  20210520081217.95
=007  ta
=008  1605010u\\\\0\\\0001ba\\\0\\\\\\\\\\\\\\
=014  1\$a1259814$bOCoLC
=022  0\$a0065-2687$l0065-2687
=030  \\$aADGOAR
=035  \\$a(OCoLC)1259814
=035  \\$a(TestILS)c13792118-01asu_inst
=245  00$aAdvances in geophysics.
=561  \\$aTESTINST1
=583  \\$acommitted to retain$c20160501$dDecember 31, 2035$fTESTPROGRAM$fTESTPROGRAM Gold$uhttp://localhost/services/testprogram/docs/TESTPROGRAMProgramStatement.pdf
=583  \\$acompleteness reviewed$c20160501$fTESTPROGRAM$fTESTPROGRAM Gold$iissue-level
=583  \\$acondition reviewed$c20160501$fTESTPROGRAM$fTESTPROGRAM Gold$iissue-level
=852  0\$aTESTINST1$bHDC$ctestprogram-trust$hQC801$i.A283
=866  30$80$a1(1952)-47(2004)

