=LDR  00798ny  a22002293n 4500
=001  22880757420003841
=003  TestILS
=004  991022843199703841
=005  20210520081218.13
=007  ta
=008  1705010u\\\\0\\\0001ba\\\0\\\\\\\\\\\\\\
=014  1\$a5095461$bOCoLC
=022  0\$a0040-9243
=030  \\$aTOPRAR
=035  \\$a(OCoLC)5095461
=035  \\$a(TestILS)c14124816-01asu_inst
=245  00$aTooling & production.
=561  \\$aTESTINST1
=561  \\$aUUS
=583  \\$acommitted to retain$c20170501$dDecember 31, 2035$fTESTPROGRAM$fTESTPROGRAM Silver$uhttp://localhost/services/testprogram/docs/TESTPROGRAMProgramStatement.pdf
=583  \\$acompleteness reviewed$c20170501$fTESTPROGRAM$fTESTPROGRAM Silver$ivolume-level$lmissing volumes$zmissing v.39, v.42-55
=852  0\$aTESTINST1$bHDC$ctestprogram-trust$hTJ1180.A1$iT6
=866  30$80$a26(1961)-38(1973), 40(1974)-41(1975), 56(1990)-68(2002)

