=LDR  00748nx  a22001931n 4500
=003  TestILS
=004  991004323419703841
=007  ta
=001  221148329890003841
=008  2006305u\\\\0\\\0000ba\\\0\\\\\\
=005  20210520081218.09
=022  \\$a1091-7438
=035  \\$a(OCoLC)35951766
=245  10$aColorado history.
=583  \\$acommitted to retain$c20200630$dDecember 31, 2035$fTESTPROGRAM$fTESTPROGRAM Gold$uhttp://localhost/services/testprogram/docs/TESTPROGRAMProgramStatement.pdf
=583  \\$acompleteness reviewed$c20200630$fTESTPROGRAM$fTESTPROGRAM Gold$iissue level$lmissing issues$zmissing no. 1(1997), 3(1998)-4(2000),16(2011)-17(2015)
=583  \\$acondition reviewed$c20200630$fTESTPROGRAM$fTESTPROGRAM Gold$iissue level
=561  \\$aTESTINST1
=852  0\$aTESTINST1$bHDC$ctestprogram-trust$hF771$i.E82x
=866  30$80$ano. 2(1998), 5(2001)-15(2008)

