=LDR  00806nx  a22002051n 4500
=003  TestILS
=004  991028884459703841
=007  ta
=001  221147858810003841
=008  2006305u\\\\0\\\0000ba\\\0\\\\\\
=005  20210520081217.81
=022  \\$a0326-1352
=035  \\$a(OCoLC)8009319
=245  10$aHistoria.
=583  \\$acommitted to retain$c20200630$dDecember 31, 2035$fTESTPROGRAM$fTESTPROGRAM Gold$uhttp://localhost/services/testprogram/docs/TESTPROGRAMProgramStatement.pdf
=583  \\$acompleteness reviewed$c20200630$fTESTPROGRAM$fTESTPROGRAM Gold$iissue level$lmissing issues$zmissing v.28:111(2008/09); v.33:129(2013)
=583  \\$acondition reviewed$c20200630$fTESTPROGRAM$fTESTPROGRAM Gold$iissue level
=561  \\$aTESTINST1
=852  0\$aTESTINST1$bHDC$ctestprogram-trust$hF2801$i.H52
=866  30$80$a1(1981/82)-35(2015/2016)
=867  30$80$a13(1993/1994), 16(1996/197), 18(1969/1972), 25(2005/2006)

