=LDR  00730    a2200217 n 4500
=001  22819440770003841
=003  TestILS
=004  991020884349703841
=005  20210520081217.86
=007  ta
=008  1312160u\\\\0\\\0001ba\\\0\\\\\\\\\\\\\\
=014  1\$a4989562$bOCoLC
=022  0\$a0167-4013
=035  \\$a(OCoLC)4989562
=035  \\$a(TestILS)c13287217-01asu_inst
=245  00$aJournal of the Midland Mental Deficiency Society.
=561  \\$aTESTINST1
=583  \\$acommitted to retain$c20131216$dDecember 31, 2035$fTESTPROGRAM$fTESTPROGRAM Gold$uhttp://localhost/services/testprogram/docs/TESTPROGRAMProgramStatement.pdf
=583  \\$acompleteness reviewed$c20131216$fTESTPROGRAM$fTESTPROGRAM Gold$iissue-level
=583  \\$acondition reviewed$c20131216$fTESTPROGRAM$fTESTPROGRAM Gold$iissue-level
=852  0\$aTESTINST1$bHDC$ctestprogram-trust
=866  30$80$a2(1956)-5(1959)

