=LDR  00811nx  a22001931n 4500
=003  TestILS
=004  991010180319703841
=007  ta
=001  221147859520003841
=008  2006255u\\\\0\\\0000ba\\\0\\\\\\
=005  20210520081217.97
=022  \\$a1071-4553
=035  \\$a(OCoLC)28642396
=245  00$aHispanic media & market source.
=583  \\$acommitted to retain$c20200630$dDecember 31, 2035$fTESTPROGRAM$fTESTPROGRAM Gold$uhttp://localhost/services/testprogram/docs/TESTPROGRAMProgramStatement.pdf
=583  \\$acompleteness reviewed$c20200630$fTESTPROGRAM$fTESTPROGRAM Gold$iissue level$lmissing issues$zmissing v. 6:4(1993); v.7:1-3(1994); v.8:1-3(1995); v.9:1-3(1996); v.10(1997), v.11:1-3(1998); v.12:1-3(1999)
=583  \\$acondition reviewed$c20200630$fTESTPROGRAM$fTESTPROGRAM Gold$iissue level
=561  \\$aTESTINST1
=852  0\$aTESTINST1$bHDC$ctestprogram-trust$hP94.5.H58$iH57
=866  30$80$a7(1994)-9(1996), 11(1998)-12(1999)

