=LDR  00774    a2200241 n 4500
=001  22850194920003841
=003  TestILS
=004  991011835629703841
=005  20210520081217.75
=007  ta
=008  1605010u\\\\0\\\0001ba\\\0\\\\\\\\\\\\\\
=014  1\$a1799382$bOCoLC
=022  0\$a0097-8140
=030  \\$aCCOMDB
=035  \\$a(OCoLC)1799382
=035  \\$a(TestILS)c1379095x-01asu_inst
=245  00$aCreative computing.
=561  \\$aTESTINST1
=561  \\$aNTD
=583  \\$acommitted to retain$c20160501$dDecember 31, 2035$fTESTPROGRAM$fTESTPROGRAM Gold$uhttp://localhost/services/testprogram/docs/TESTPROGRAMProgramStatement.pdf
=583  \\$acompleteness reviewed$c20160501$fTESTPROGRAM$fTESTPROGRAM Gold$iissue-level
=583  \\$acondition reviewed$c20160501$fTESTPROGRAM$fTESTPROGRAM Gold$iissue-level
=852  0\$aTESTINST1$bHDC$ctestprogram-trust
=866  30$80$a1(1975)-11(1985)

