=LDR  00592ny  a22001933n 4500
=001  22828477790003841
=003  TestILS
=004  991030582989703841
=005  20210520081217.57
=007  ta
=008  1205070u\\\\0\\\0001ba\\\0\\\\\\\\\\\\\\
=014  1\$a9347714$bOCoLC
=022  \\$a0749-8918
=035  \\$a(OCoLC)9347714
=035  \\$a(TestILS)c12691112-01asu_inst
=245  10$aAPTO :$bjournal of the Association for Psychiatric Treatment of Offenders.
=561  \\$aTESTINST1
=583  \\$acommitted to retain$c20120507$dDecember 31, 2035$fTESTPROGRAM$fTESTPROGRAM Bronze$uhttp://localhost/services/testprogram/docs/TESTPROGRAMProgramStatement.pdf
=852  0\$aTESTINST1$bHDC$ctestprogram-trust$hHV9261$i.J6
=866  30$80$a1(1957)-4(1960)

