=LDR  00692ny  a22002053n 4500
=001  22961739010003841
=003  TestILS
=004  991011729009703841
=005  20210520081217.48
=007  ta
=008  1311270u\\\\0\\\0001ba\\\0\\\\\\\\\\\\\\
=014  1\$a1764498$bOCoLC
=022  \\$a0035-8126
=035  \\$a(OCoLC)1764498
=035  \\$a(TestILS)c13285828-01asu_inst
=245  00$aRomanische Forschungen.
=561  \\$aTESTINST1
=583  \\$acommitted to retain$c20131127$dDecember 31, 2035$fTESTPROGRAM$fTESTPROGRAM Silver$uhttp://localhost/services/testprogram/docs/TESTPROGRAMProgramStatement.pdf
=583  \\$acompleteness reviewed$c20131127$fTESTPROGRAM$fTESTPROGRAM Silver$ivolume-level$lReprints$zvol. 2-59 Reprints
=852  0\$aTESTINST1$bHDC$ctestprogram-trust
=866  30$80$a1(1883)-117(2005)

