=LDR  00619nx  a22001811n 4500
=003  TestILS
=004  991047605099703841
=007  ta
=001  221171329300003841
=008  2105110u\\\\0\\\0000ba\\\0\\\\\\
=005  20210520081217.39
=035  \\$a(OCoLC)55058037
=245  14$aThe corrections yearbook.$pAdult corrections.
=583  \\$acommitted to retain$c20210511$d20351231$fTESTPROGRAM$fTESTPROGRAM Gold$uhttp://localhost/services/testprogram/docs/TESTPROGRAMProgramStatement.pdf
=583  \\$acompleteness reviewed$c20210511$fTESTPROGRAM$fTESTPROGRAM Gold$iissue level
=583  \\$acondition reviewed$c20210511$fTESTPROGRAM$fTESTPROGRAM Gold$iissue level
=561  \\$aTESTINST1
=852  0\$aTESTINST1$bHDC$ctestprogram-trust$hHV8482$i.A32
=866  30$80$a(2002)

