=LDR  00725nx  a22001931n 4500
=003  TestILS
=004  991011556249703841
=007  ta
=001  221147849520003841
=008  2006255u\\\\0\\\0000ba\\\0\\\\\\
=005  20210520081218.05
=022  \\$a0071-5654
=035  \\$a(OCoLC)1569336
=245  00$aFitzgerald/Hemingway annual.
=583  \\$acommitted to retain$c20200630$dDecember 31, 2035$fTESTPROGRAM$fTESTPROGRAM Gold$uhttp://localhost/services/testprogram/docs/TESTPROGRAMProgramStatement.pdf
=583  \\$acompleteness reviewed$c20200630$fTESTPROGRAM$fTESTPROGRAM Gold$iissue level$lmissing issues$zmissing (1973), (1977)-(1979)
=583  \\$acondition reviewed$c20200630$fTESTPROGRAM$fTESTPROGRAM Gold$iissue level
=561  \\$aTESTINST1
=852  0\$aTESTINST1$bHDC$ctestprogram-trust$hPS3511.I9$iZ617
=866  30$80$a(1969)-(1972), (1974)-(1976)

