=LDR  00734    a2200217 n 4500
=001  22836968900003841
=003  TestILS
=004  991030585739703841
=005  20210520081217.57
=007  ta
=008  1505220u\\\\0\\\0001ba\\\0\\\\\\\\\\\\\\
=014  1\$a9392022$bOCoLC
=022  \\$a0264-0198
=035  \\$a(OCoLC)9392022
=035  \\$a(TestILS)c13604673-01asu_inst
=245  00$aScottish language.
=561  \\$aTESTINST1
=583  \\$acommitted to retain$c20150522$dDecember 31, 2035$fTESTPROGRAM$fTESTPROGRAM Gold$uhttp://localhost/services/testprogram/docs/TESTPROGRAMProgramStatement.pdf
=583  \\$acompleteness reviewed$c20150522$fTESTPROGRAM$fTESTPROGRAM Gold$iissue-level
=583  \\$acondition reviewed$c20150522$fTESTPROGRAM$fTESTPROGRAM Gold$iissue-level
=852  0\$aTESTINST1$bHDC$ctestprogram-trust
=866  30$80$ano.1(1982)-24(2005)

