=LDR  00719nx  a22001931n 4500
=003  TestILS
=004  991011555839703841
=007  ta
=001  221148329980003841
=008  2006305u\\\\0\\\0000ba\\\0\\\\\\
=005  20210520081218.05
=022  \\$a0015-1688
=035  \\$a(OCoLC)1569214
=245  00$aFilms in review.
=583  \\$acommitted to retain$c20200630$dDecember 31, 2035$fTESTPROGRAM$fTESTPROGRAM Gold$uhttp://localhost/services/testprogram/docs/TESTPROGRAMProgramStatement.pdf
=583  \\$acompleteness reviewed$c20200630$fTESTPROGRAM$fTESTPROGRAM Gold$iissue level$lmissing issues$zmissing v.1(1950)-48(1997)
=583  \\$acondition reviewed$c20200630$fTESTPROGRAM$fTESTPROGRAM Gold$iissue level
=561  \\$aTESTINST1
=852  0\$aTESTINST1$bHDC$ctestprogram-trust$hPN1993$i.F6473
=866  30$80$a1(1950)-45(1994), 48(1997)

