=LDR  00669nx  a22001931n 4500
=003  TestILS
=004  991033889659703841
=007  ta
=001  221134224430003841
=008  1912315u\\\\0\\\0000ba\\\0\\\\\\
=005  20210520081218.00
=022  \\$a0752-272X
=035  \\$a(OCoLC)11092496
=245  10$aPoésie.
=583  \\$acommitted to retain$c20191231$dDecember 31, 2035$fTESTPROGRAM$fTESTPROGRAM Gold$uhttp://localhost/services/testprogram/docs/TESTPROGRAMProgramStatement.pdf
=583  \\$acompleteness reviewed$c20191231$fTESTPROGRAM$fTESTPROGRAM Gold$iissue level
=583  \\$acondition reviewed$c20191231$fTESTPROGRAM$fTESTPROGRAM Gold$iissue level
=561  \\$aTESTINST1
=852  0\$aTESTINST1$bHDC$ctestprogram-trust$hPQ1141$i.P64
=866  30$80$ano. 1(1984)-104(2005)

