=LDR  00723ny  a22002053n 4500
=001  22940071230003841
=003  TestILS
=004  991008529539703841
=005  20210520081217.50
=007  ta
=008  1308130u\\\\0\\\0001ba\\\0\\\\\\\\\\\\\\
=014  1\$a1606113$bOCoLC
=022  0\$a2155-8159
=035  \\$a(OCoLC)1606113
=035  \\$a(TestILS)c13230669-01asu_inst
=245  00$aJournal of the University Film Producers Association.
=561  \\$aOKU
=583  \\$acommitted to retain$c20130813$dDecember 31, 2035$fTESTPROGRAM$fTESTPROGRAM Silver$uhttp://localhost/services/testprogram/docs/TESTPROGRAMProgramStatement.pdf
=583  \\$acompleteness reviewed$c20130813$fTESTPROGRAM$fTESTPROGRAM Silver$ivolume-level$lmissing volumes$zmissing vols. 1(1947)-5(1953)
=852  0\$aTESTINST1$bHDC$ctestprogram-trust$hPN1993$i.U63
=866  30$80$a6(1953)-19(1967)

