=LDR  00664ny  a22002053n 4500
=001  22847532500003841
=003  TestILS
=004  991040091809703841
=005  20210520081217.55
=007  ta
=008  1308190u\\\\0\\\0001ba\\\0\\\\\\\\\\\\\\
=014  1\$a18176236$bOCoLC
=022  \\$a1043-1578
=035  \\$a(OCoLC)18176236
=035  \\$a(TestILS)c13245235-01asu_inst
=245  10$aSocial justice :$ba journal of crime, conflict & world order.
=561  \\$aAZC
=583  \\$acommitted to retain$c20130819$dDecember 31, 2035$fTESTPROGRAM$fTESTPROGRAM Silver$uhttp://localhost/services/testprogram/docs/TESTPROGRAMProgramStatement.pdf
=583  \\$acompleteness reviewed$c20130819$fTESTPROGRAM$fTESTPROGRAM Silver$ivolume-level
=852  0\$aTESTINST1$bHDC$ctestprogram-trust
=866  30$80$a15(1988)-32(2005)

