=LDR  00663nx  a22001931n 4500
=003  TestILS
=004  991032295379703841
=007  ta
=001  221134608810003841
=008  1912315u\\\\0\\\0000ba\\\0\\\\\\
=005  20210520081218.02
=022  \\$a0740-2872
=035  \\$a(OCoLC)9906351
=245  00$aFilm directors /$ccompiled and edited by Michael Singer.
=583  \\$acommitted to retain$c20191231$dDecember 31, 2035$fTESTPROGRAM$fTESTPROGRAM Gold$uhttp://localhost/services/testprogram/docs/TESTPROGRAMProgramStatement.pdf
=583  \\$acompleteness reviewed$c20191231$fTESTPROGRAM$fTESTPROGRAM Gold$iissue level
=583  \\$acondition reviewed$c20191231$fTESTPROGRAM$fTESTPROGRAM Gold$iissue level
=561  \\$aTESTINST1
=852  0\$aTESTINST1$bHDC$ctestprogram-trust$hPN1998.A2$iD568
=866  30$80$a(1984)-(1988)

