=LDR  00715ny  a22002293n 4500
=001  22920243420003841
=003  TestILS
=004  991011668779703841
=005  20210520081218.11
=007  ta
=008  1206280u\\\\0\\\0001ba\\\0\\\\\\\\\\\\\\
=014  1\$a1751808$bOCoLC
=022  0\$a0017-811X
=030  \\$aHALRAF
=035  \\$a(OCoLC)1751808
=035  \\$a(TestILS)c12807424-01asu_inst
=245  00$aHarvard law review.
=561  \\$aTESTINST1
=561  \\$aAZC
=583  \\$acommitted to retain$c20120628$dDecember 31, 2035$fTESTPROGRAM$fTESTPROGRAM Silver$uhttp://localhost/services/testprogram/docs/TESTPROGRAMProgramStatement.pdf
=583  \\$acompleteness reviewed$c20120628$fTESTPROGRAM$fTESTPROGRAM Silver$ivolume-level
=852  0\$aTESTINST1$bHDC$ctestprogram-trust$hK8$i.A69
=866  30$80$a1(1887)-118(2005)

