=LDR  00601nx  a22001811n 4500
=003  TestILS
=004  991045910149703841
=007  ta
=001  221033049750003841
=008  1708080u\\\\0\\\0001ba\\\0\\\\\\
=005  20210520081217.73
=022  \\$a1537-4246
=035  \\$a(OCoLC)48069487
=245  10$aOnearth :$benvironment, politics, people.
=583  \\$acommitted to retain$c20170811$dDecember 31, 2035$fTESTPROGRAM$fTESTPROGRAM Silver$uhttp://localhost/services/testprogram/docs/TESTPROGRAMProgramStatement.pdf
=583  \\$acompleteness reviewed$c20170811$fTESTPROGRAM$fTESTPROGRAM Silver$iissue-level
=561  \\$aTESTINST1
=852  0\$aTESTINST1$bHDC$ctestprogram-trust$hS930 .A65
=866  30$ 80$80$a23, no.3(2001)-28(2007)

