=LDR  00774    a2200217 n 4500
=001  22818812400003841
=003  TestILS
=004  991011750359703841
=005  20210520081217.49
=007  ta
=008  1405080u\\\\0\\\0001ba\\\0\\\\\\\\\\\\\\
=014  1\$a1769134$bOCoLC
=022  0\$a0042-5869
=035  \\$a(OCoLC)1769134
=035  \\$a(TestILS)c13403825-01asu_inst
=245  00$aViewpoint.
=561  \\$aTESTINST1
=583  \\$acommitted to retain$c20140508$dDecember 31, 2035$fTESTPROGRAM$fTESTPROGRAM Gold$uhttp://localhost/services/testprogram/docs/TESTPROGRAMProgramStatement.pdf
=583  \\$acompleteness reviewed$c20140508$fTESTPROGRAM$fTESTPROGRAM Gold$iissue-level$lmissing issues$zmissing vol. 11 issue 4
=583  \\$acondition reviewed$c20140508$fTESTPROGRAM$fTESTPROGRAM Gold$iissue-level
=852  0\$aTESTINST1$bHDC$ctestprogram-trust
=866  30$80$a1(1971)-12:1(1982)

