=LDR  00965ny  a22002653n 4500
=001  22903368100003841
=003  TestILS
=004  991011640889703841
=005  20210520081217.60
=007  ta
=008  1206290u\\\\0\\\0001ba\\\0\\\\\\\\\\\\\\
=014  1\$a1695300$bOCoLC
=022  1\$a0076-4981
=035  \\$a(OCoLC)1695300
=035  \\$a(TestILS)c12807783-01asu_inst
=245  10$aProceedings of the Massachusetts Historical Society.
=561  \\$aTESTINST1
=561  \\$aUUS
=561  \\$aCCO
=561  \\$aIYU
=561  \\$aUUM
=583  \\$acommitted to retain$c20120629$dDecember 31, 2035$fTESTPROGRAM$fTESTPROGRAM Silver$uhttp://localhost/services/testprogram/docs/TESTPROGRAMProgramStatement.pdf
=583  \\$acompleteness reviewed$c20120629$fTESTPROGRAM$fTESTPROGRAM Silver$ivolume-level$lmissing volumes$zmissing vols.1-42, 49-50, 52-57, 63-64, 71
=852  0\$aTESTINST1$bHDC$ctestprogram-trust$hF61$i.M38
=866  30$80$a43(1909)-48(1914/15), 51(1917/18), 58(1924/25)-59(1925/26), 61(1927/28)-62(1928/29), 65(1932/36)-70(1950/53), 72(1957/60)-109(1997)
=868  30$80$a41(1907)-60(1928)

