=LDR  00691nx  a22001931n 4500
=003  TestILS
=004  991011649029703841
=007  ta
=001  221153824270003841
=008  2104015u\\\\0\\\0000ba\\\0\\\\\\
=005  20210520081217.61
=022  \\$a0044-8176
=035  \\$a(OCoLC)1711036
=245  00$aAnalecta linguistica.
=583  \\$acommitted to retain$c20210401$d20351231$fTESTPROGRAM$fTESTPROGRAM Gold$uhttp://localhost/services/testprogram/docs/TESTPROGRAMProgramStatement.pdf
=583  \\$acompleteness reviewed$c20210401$fTESTPROGRAM$fTESTPROGRAM Gold$iissue level$lmissing issues$zmissing v.17:1(1987)
=583  \\$acondition reviewed$c20210401$fTESTPROGRAM$fTESTPROGRAM Gold$iissue level
=561  \\$aTESTINST1
=852  0\$aTESTINST1$bHDC$ctestprogram-trust$hP1.A1$iA52x
=866  30$80$a1(1971)-22(1992)

