=LDR  00758ny  a22002053n 4500
=001  22954455760003841
=003  TestILS
=004  991011481979703841
=005  20210520081217.68
=007  ta
=008  1205160u\\\\0\\\0001ba\\\0\\\\\\\\\\\\\\
=014  1\$a1481603$bOCoLC
=022  0\$a0003-5769
=035  \\$a(OCoLC)1481603
=035  \\$a(TestILS)c12692372-01asu_inst
=245  04$aThe Antioch review.
=561  \\$aTESTINST1
=583  \\$acommitted to retain$c20120516$dDecember 31, 2035$fTESTPROGRAM$fTESTPROGRAM Silver$uhttp://localhost/services/testprogram/docs/TESTPROGRAMProgramStatement.pdf
=583  \\$acompleteness reviewed$c20120515$fTESTPROGRAM$fTESTPROGRAM Silver$ivolume-level$lbinding patterns vary$zvols 16-17 bound as single unit, vol 50 issues 1-2, 3-4 bound separately
=852  0\$aTESTINST1$bHDC$ctestprogram-trust
=866  30$80$a1(1941)-63(2005)

