=LDR  00666ny  a22002053n 4500
=001  22905866910003841
=003  TestILS
=004  991042388749703841
=005  20210520081217.59
=007  ta
=008  1306140u\\\\0\\\0001ba\\\0\\\\\\\\\\\\\\
=014  1\$a19686979$bOCoLC
=022  \\$a0954-4070
=035  \\$a(OCoLC)19686979
=035  \\$a(TestILS)c13185573-01asu_inst
=245  00$aProceedings of the Institution of Mechanical Engineers.$nPart D,$pJournal of automobile engineering.
=561  \\$aTESTINST1
=583  \\$acommitted to retain$c20130614$dDecember 31, 2035$fTESTPROGRAM$fTESTPROGRAM Silver$uhttp://localhost/services/testprogram/docs/TESTPROGRAMProgramStatement.pdf
=583  \\$acompleteness reviewed$c20130614$fTESTPROGRAM$fTESTPROGRAM Silver$ivolume-level
=852  0\$aTESTINST1$bHDC$ctestprogram-trust
=866  30$80$a203(1989)-219(2005)

