=LDR  00760    a2200217 n 4500
=001  22921209100003841
=003  TestILS
=004  991011658849703841
=005  20210520081217.61
=007  ta
=008  1502230u\\\\0\\\0001ba\\\0\\\\\\\\\\\\\\
=014  1\$a1716019$bOCoLC
=022  \\$a0081-8569
=035  \\$a(OCoLC)1716019
=035  \\$a(TestILS)c13568887-01asu_inst
=245  00$aStudies in the economic development of India.
=561  \\$aTESTINST1
=583  \\$acommitted to retain$c20150223$dDecember 31, 2035$fTESTPROGRAM$fTESTPROGRAM Gold$uhttp://localhost/services/testprogram/docs/TESTPROGRAMProgramStatement.pdf
=583  \\$acompleteness reviewed$c20150223$fTESTPROGRAM$fTESTPROGRAM Gold$iissue-level
=583  \\$acondition reviewed$c20150223$fTESTPROGRAM$fTESTPROGRAM Gold$iissue-level$lunderlining$zv.1 underlining
=852  0\$aTESTINST1$bHDC$ctestprogram-trust
=866  30$80$a1(1962)-6(1968)

