=LDR  00582    a2200193 n 4500
=001  22967440460003841
=003  TestILS
=004  991025123619703841
=005  20210520081217.42
=007  ta
=008  1605090u\\\\0\\\0001ba\\\0\\\\\\\\\\\\\\
=014  1\$a6753496$bOCoLC
=022  0\$a0271-9274
=035  \\$a(OCoLC)6753496
=035  \\$a(TestILS)c13832657-01asu_inst
=245  10$aStudies in American Jewish literature.
=561  \\$aTESTINST1
=583  \\$acommitted to retain$c20160509$dDecember 31, 2035$fTESTPROGRAM$fTESTPROGRAM Bronze$uhttp://localhost/services/testprogram/docs/TESTPROGRAMProgramStatement.pdf
=852  0\$aTESTINST1$bHDC$ctestprogram-trust
=866  30$80$ano.1(1981)-5(1986)

