=LDR  00593nx  a22001811n 4500
=003  TestILS
=004  991033896859703841
=007  ta
=001  221066553760003841
=008  1805140u\\\\0\\\0000ba\\\0\\\\\\
=005  20210520081218.01
=022  \\$a8755-9064
=035  \\$a(OCoLC)11285512
=245  10$aHeritage :$bthe magazine of the New York State Historical Association.
=583  \\$acommitted to retain$c20180514$dDecember 31, 2035$fTESTPROGRAM$fTESTPROGRAM Silver$uhttp://localhost/services/testprogram/docs/TESTPROGRAMProgramStatement.pdf
=583  \\$acompleteness reviewed$c20180514$fTESTPROGRAM$fTESTPROGRAM Silver$ivolume level
=561  \\$aTESTINST1
=852  0\$aTESTINST1$bHDC$ctestprogram-trust$hF119$i.H36x
=866  30$80$a1(1984)-24(2010)

