=LDR  00791ny  a22002173n 4500
=001  22837825440003841
=003  TestILS
=004  991011823959703841
=005  20210520081217.75
=007  ta
=008  1705080u\\\\0\\\0001ba\\\0\\\\\\\\\\\\\\
=014  1\$a1794393$bOCoLC
=022  0\$a0094-6532$l0094-6532
=035  \\$a(OCoLC)1794393
=035  \\$a(TestILS)c14148596-01asu_inst
=245  00$aEarly years.
=561  \\$aTESTINST1
=561  \\$aCSJ
=583  \\$acommitted to retain$c20170508$dDecember 31, 2035$fTESTPROGRAM$fTESTPROGRAM Silver$uhttp://localhost/services/testprogram/docs/TESTPROGRAMProgramStatement.pdf
=583  \\$acompleteness reviewed$c20170508$fTESTPROGRAM$fTESTPROGRAM Silver$ivolume-level$lmissing volumes$zmissing v.1-8; ;v.13; v.15
=852  0\$aTESTINST1$bHDC$ctestprogram-trust$hLB1501$i.E27
=866  30$80$a9(1978)-12(1982), 14(1983/1984), 16(1985)-17, no.4(1987)

