=LDR  00696nx  a22001931n 4500
=003  TestILS
=004  991037129999703841
=007  ta
=001  221147858550003841
=008  2006305u\\\\0\\\0000ba\\\0\\\\\\
=005  20210520081217.99
=022  \\$a0326-677X
=035  \\$a(OCoLC)13067827
=245  10$aPlural :$brevista de la Fundación Plural para la Participación Democrática.
=583  \\$acommitted to retain$c20200630$dDecember 31, 2035$fTESTPROGRAM$fTESTPROGRAM Gold$uhttp://localhost/services/testprogram/docs/TESTPROGRAMProgramStatement.pdf
=583  \\$acompleteness reviewed$c20200630$fTESTPROGRAM$fTESTPROGRAM Gold$iissue level$lmissing issues$zmissing (1989)
=583  \\$acondition reviewed$c20200630$fTESTPROGRAM$fTESTPROGRAM Gold$iissue level
=561  \\$aTESTINST1
=852  0\$aTESTINST1$bHDC$ctestprogram-trust$hF2801$i.P58x
=866  30$80$a1(1958)-13(1988)

