=LDR  00627nx  a22001691n 4500
=003  TestILS
=004  991009699289703841
=007  ta
=001  221067304500003841
=008  1805140u\\\\0\\\0000ba\\\0\\\\\\
=005  20210520081217.96
=035  \\$a(OCoLC)39543147
=245  00$aPolicy & practice of public human services :$bthe journal of the American Public Human Services Association.
=583  \\$acommitted to retain$c20180514$dDecember 31, 2035$fTESTPROGRAM$fTESTPROGRAM Silver$uhttp://localhost/services/testprogram/docs/TESTPROGRAMProgramStatement.pdf
=583  \\$acompleteness reviewed$c20180514$fTESTPROGRAM$fTESTPROGRAM Silver$ivolume level$lmissing volumes$zmissing v.58
=561  \\$aTESTINST1
=852  0\$aTESTINST1$bHDC$ctestprogram-trust$hHV1 .P75
=866  30$80$a56, no.2(1998)-57(1999), 59(2001)- 61 no.1(2003)

