=LDR  00732ny  a22002293n 4500
=001  22921791520003841
=003  TestILS
=004  991006299259703841
=005  20210520081218.17
=007  ta
=008  1306100u\\\\0\\\0001ba\\\0\\\\\\\\\\\\\\
=014  1\$a7165109$bOCoLC
=022  0\$a0008-7475$l0008-7475
=030  \\$aCSTNAC
=035  \\$a(OCoLC)7165109
=035  \\$a(TestILS)c13183898-01asu_inst
=245  00$aCastanea :$bthe journal of the Southern Appalachian Botanical Club.
=561  \\$aCUF
=561  \\$aUUS
=583  \\$acommitted to retain$c20130610$dDecember 31, 2035$fTESTPROGRAM$fTESTPROGRAM Silver$uhttp://localhost/services/testprogram/docs/TESTPROGRAMProgramStatement.pdf
=583  \\$acompleteness reviewed$c20130610$fTESTPROGRAM$fTESTPROGRAM Silver$ivolume-level
=852  0\$aTESTINST1$bHDC$ctestprogram-trust$hQK1$i.C27
=866  30$80$a2, no.4(1937)-70(2005)

