=LDR  00767ny  a22002173n 4500
=001  22851629880003841
=003  TestILS
=004  991040096189703841
=005  20210520081217.55
=007  ta
=008  1404160u\\\\0\\\0001ba\\\0\\\\\\\\\\\\\\
=014  1\$a18356494$bOCoLC
=022  0\$a1040-2454$l1040-2454
=030  \\$aJCTEFN
=035  \\$a(OCoLC)18356494
=035  \\$a(TestILS)c13382494-01asu_inst
=245  00$aJournal of computing in teacher education.
=561  \\$aTESTINST1
=583  \\$acommitted to retain$c20140416$dDecember 31, 2035$fTESTPROGRAM$fTESTPROGRAM Silver$uhttp://localhost/services/testprogram/docs/TESTPROGRAMProgramStatement.pdf
=583  \\$acompleteness reviewed$c20140416$fTESTPROGRAM$fTESTPROGRAM Silver$ivolume-level$lmissing volumes$zmissing vols. 1-8  & 9 issues 1-2
=852  0\$aTESTINST1$bHDC$ctestprogram-trust$hLB1028.43$i.J68x
=866  30$80$a9(1993)-22(2006)

