=LDR  00652nx  a22001931n 4500
=003  TestILS
=004  991011475039703841
=007  ta
=001  221153822870003841
=008  2103245u\\\\0\\\0000ba\\\0\\\\\\
=005  20210520081217.67
=022  \\$a0003-0929
=035  \\$a(OCoLC)1480702
=245  00$aAmerican scene.
=583  \\$acommitted to retain$c20210324$d20351231$fTESTPROGRAM$fTESTPROGRAM Gold$uhttp://localhost/services/testprogram/docs/TESTPROGRAMProgramStatement.pdf
=583  \\$acompleteness reviewed$c20210324$fTESTPROGRAM$fTESTPROGRAM Gold$iissue level
=583  \\$acondition reviewed$c20210324$fTESTPROGRAM$fTESTPROGRAM Gold$iissue level
=561  \\$aTESTINST1
=852  0\$aTESTINST1$bHDC$ctestprogram-trust$hE151$i.A45
=866  30$80$a1(1958)-19(1978)

