=LDR  00601nx  a22001811n 4500
=003  TestILS
=004  991028931119703841
=007  ta
=001  221100628020003841
=008  1902130u\\\\0\\\0000ba\\\0\\\\\\
=005  20210520081218.20
=022  \\$a0722-6268
=035  \\$a(OCoLC)8712351
=245  00$aBallett international.
=583  \\$acommitted to retain$c20190213$dDecember 31, 2035$fTESTPROGRAM$fTESTPROGRAM Silver$uhttp://localhost/services/testprogram/docs/TESTPROGRAMProgramStatement.pdf
=583  \\$acompleteness reviewed$c20190213$fTESTPROGRAM$fTESTPROGRAM Silver$ivolume level
=561  \\$aTESTINST1
=852  0\$aTESTINST1$bHDC$ctestprogram-trust$hGV1787$i.B2743
=866  30$80$a5(1982)-16, no.6(1993)

