=LDR  00776    a2200217 n 4500
=001  22894948190003841
=003  TestILS
=004  991023649439703841
=005  20210520081217.42
=007  ta
=008  1705080u\\\\0\\\0001ba\\\0\\\\\\\\\\\\\\
=014  1\$a20911218$bOCoLC
=022  0\$a1048-292X
=035  \\$a(OCoLC)20911218
=035  \\$a(TestILS)c14146630-01asu_inst
=245  00$aVoices in Italian Americana :$bVIA.
=561  \\$aTESTINST1
=583  \\$acommitted to retain$c20170508$dDecember 31, 2035$fTESTPROGRAM$fTESTPROGRAM Gold$uhttp://localhost/services/testprogram/docs/TESTPROGRAMProgramStatement.pdf
=583  \\$acompleteness reviewed$c20170508$fTESTPROGRAM$fTESTPROGRAM Gold$iissue-level
=583  \\$acondition reviewed$c20170508$fTESTPROGRAM$fTESTPROGRAM Gold$iissue-level$lReprints$zv.1:1; v.2:1, v.4:1 photocopied
=852  0\$aTESTINST1$bHDC$ctestprogram-trust
=866  30$80$a1(1990)-17(2006)

