=LDR  00732    a2200217 n 4500
=001  22836988440003841
=003  TestILS
=004  991040079259703841
=005  20210520081217.55
=007  ta
=008  1405080u\\\\0\\\0001ba\\\0\\\\\\\\\\\\\\
=014  1\$a16115370$bOCoLC
=022  0\$a0894-4830
=035  \\$a(OCoLC)16115370
=035  \\$a(TestILS)c13403461-01asu_inst
=245  00$aRecreation.
=561  \\$aTESTINST1
=583  \\$acommitted to retain$c20140508$dDecember 31, 2035$fTESTPROGRAM$fTESTPROGRAM Gold$uhttp://localhost/services/testprogram/docs/TESTPROGRAMProgramStatement.pdf
=583  \\$acompleteness reviewed$c20140508$fTESTPROGRAM$fTESTPROGRAM Gold$iissue-level
=583  \\$acondition reviewed$c20140508$fTESTPROGRAM$fTESTPROGRAM Gold$iissue-level
=852  0\$aTESTINST1$bHDC$ctestprogram-trust
=866  30$80$a1(1989)-2(1991)

