=LDR  00662nx  a22001931n 4500
=003  TestILS
=004  991011481769703841
=007  ta
=001  221130726540003841
=008  1910315u\\\\0\\\0000ba\\\0\\\\\\
=005  20210520081217.68
=022  \\$a0003-5564
=035  \\$a(OCoLC)1481572
=245  00$aAnthropology U.C.L.A.
=583  \\$acommitted to retain$c20191031$dDecember 31, 2035$fTESTPROGRAM$fTESTPROGRAM Gold$uhttp://localhost/services/testprogram/docs/TESTPROGRAMProgramStatement.pdf
=583  \\$acompleteness reviewed$c20191031$fTESTPROGRAM$fTESTPROGRAM Gold$iissue level
=583  \\$acondition reviewed$c20191031$fTESTPROGRAM$fTESTPROGRAM Gold$iissue level
=561  \\$aTESTINST1
=852  0\$aTESTINST1$bHDC$ctestprogram-trust$hGN1$i.A598x
=866  30$80$a1(1969)-22(1997)

