=LDR  00644nx  a22001811n 4500
=003  TestILS
=004  991011892729703841
=007  ta
=001  221111805110003841
=008  1906130u\\\\0\\\0000ba\\\0\\\\\\
=005  20210520081217.66
=022  \\$a0098-2547
=035  \\$a(OCoLC)2240593
=245  00$aFodor's Caribbean, Bahamas, and Bermuda.
=583  \\$acommitted to retain$c20190613$dDecember 31, 2035$fTESTPROGRAM$fTESTPROGRAM Silver$uhttp://localhost/services/testprogram/docs/TESTPROGRAMProgramStatement.pdf
=583  \\$acompleteness reviewed$c20190613$fTESTPROGRAM$fTESTPROGRAM Silver$ivolume level$lmissing volumes$zmissing (1975)-(1977)
=561  \\$aTESTINST1
=852  0\$aTESTINST1$bHDC$ctestprogram-trust$hF2171$i.F65
=866  30$80$a(1972)-(1974), (1978)-(1979)

