=LDR  00742nx  a22001931n 4500
=003  TestILS
=004  991011711209703841
=007  ta
=001  221048186070003841
=008  1712205u\\\\0\\\0000ba\\\0\\\\\\
=005  20210520081217.87
=022  \\$a0250-6114
=035  \\$a(OCoLC)1761477
=245  00$aChiefs of state and cabinet ministers of the American republics.
=583  \\$acommitted to retain$c20171205$dDecember 31, 2035$fTESTPROGRAM$fTESTPROGRAM Gold$uhttp://localhost/services/testprogram/docs/TESTPROGRAMProgramStatement.pdf
=583  \\$acompleteness reviewed$c20171205$fTESTPROGRAM$fTESTPROGRAM Gold$iissue level$lmissing volumes$zmissing no.1-47, 49-60; 1961-1969, 1971-72
=583  \\$acondition reviewed$c20171205$fTESTPROGRAM$fTESTPROGRAM Gold$iissue level
=561  \\$aTESTINST1
=852  0\$aTESTINST1$bHDC$ctestprogram-trust$hJL961 .P3
=866  30$80$a(1959), (1970), (1973)-(1979), (1982)

