=LDR  00723    a2200205 n 4500
=001  22849050760003841
=003  TestILS
=004  991030509079703841
=005  20210520081217.46
=007  ta
=008  1508030u\\\\0\\\0001ba\\\0\\\\\\\\\\\\\\
=014  1\$a1132928$bOCoLC
=035  \\$a(OCoLC)1132928
=035  \\$a(TestILS)c13646126-01asu_inst
=245  00$aEPIEgram.
=561  \\$aIYU
=583  \\$acommitted to retain$c20150803$dDecember 31, 2035$fTESTPROGRAM$fTESTPROGRAM Gold$uhttp://localhost/services/testprogram/docs/TESTPROGRAMProgramStatement.pdf
=583  \\$acompleteness reviewed$c20150803$fTESTPROGRAM$fTESTPROGRAM Gold$iissue-level
=583  \\$acondition reviewed$c20150803$fTESTPROGRAM$fTESTPROGRAM Gold$iissue-level
=852  0\$aTESTINST1$bHDC$ctestprogram-trust$hLB1044.9.P47$iE64
=866  30$80$a1(1972)-5(1977)

