=LDR  00733    a2200217 n 4500
=001  22838971910003841
=003  TestILS
=004  991033887399703841
=005  20210520081218.00
=007  ta
=008  1705080u\\\\0\\\0001ba\\\0\\\\\\\\\\\\\\
=014  1\$a11018228$bOCoLC
=022  \\$a0326-0941
=035  \\$a(OCoLC)11018228
=035  \\$a(TestILS)c14125559-01asu_inst
=245  00$aIncipit.
=561  \\$aTESTINST1
=583  \\$acommitted to retain$c20170508$dDecember 31, 2035$fTESTPROGRAM$fTESTPROGRAM Gold$uhttp://localhost/services/testprogram/docs/TESTPROGRAMProgramStatement.pdf
=583  \\$acompleteness reviewed$c20170508$fTESTPROGRAM$fTESTPROGRAM Gold$iissue-level
=583  \\$acondition reviewed$c20170508$fTESTPROGRAM$fTESTPROGRAM Gold$iissue-level
=852  0\$aTESTINST1$bHDC$ctestprogram-trust
=866  30$80$a1(1981)-26(2006)

