=LDR  00589nx  a22001811n 4500
=003  TestILS
=004  991048329997503841
=007  ta
=001  221096607360003841
=008  1811140u\\\\0\\\0000ba\\\0\\\\\\
=005  20210520081217.40
=035  \\$a(OCoLC)1778443
=245  00$aWHO newsletter.
=583  \\$acommitted to retain$c20181114$dDecember 31, 2035$fTESTPROGRAM$fTESTPROGRAM Silver$uhttp://localhost/services/testprogram/docs/TESTPROGRAMProgramStatement.pdf
=583  \\$acompleteness reviewed$c20181114$fTESTPROGRAM$fTESTPROGRAM Silver$ivolume level
=561  \\$aTESTINST1
=561  \\$aORE
=852  0\$aTESTINST1$bHDC$ctestprogram-trust$hRA421.W63$iW63
=866  30$80$a2(1949)-11(1958)

