=LDR  00775nx  a22001811n 4500
=003  TestILS
=004  991014213059703841
=007  ta
=001  221111808980003841
=008  1906100u\\\\0\\\0000ba\\\0\\\\\\
=005  20210520081218.15
=022  \\$a0254-8399
=035  \\$a(OCoLC)2675526
=245  00$aIndia today.
=583  \\$acommitted to retain$c20190610$dDecember 31, 2035$fTESTPROGRAM$fTESTPROGRAM Silver$uhttp://localhost/services/testprogram/docs/TESTPROGRAMProgramStatement.pdf
=583  \\$acompleteness reviewed$c20190610$fTESTPROGRAM$fTESTPROGRAM Silver$ivolume level$lmissing volumes$zmissing v.1(1975)-5(1980),v.12:19(1987), v.20:15-17(1995), v.16:6-8(1991), v.32:1(2007), v.33:8(2008), v.34:1(2009), v.37:22(2012), v.38:1-11(2013), v.40:11(2015)
=561  \\$aTESTINST1
=852  0\$aTESTINST1$bHDC$ctestprogram-trust$hDS401$i.I2769
=866  30$80$a6(1981)-40(2015)

