=LDR  00901    a2200253 n 4500
=001  22947600260003841
=003  TestILS
=004  991011691759703841
=005  20210520081218.13
=007  ta
=008  1505060u\\\\0\\\0001ba\\\0\\\\\\\\\\\\\\
=014  1\$a1755940$bOCoLC
=022  \\$a0024-3906
=035  \\$a(OCoLC)1755940
=035  \\$a(TestILS)c13597334-01asu_inst
=245  04$aThe Linguistic reporter /$cCenter for Applied Linguistics.
=561  \\$aTESTINST1
=561  \\$aIYU
=561  \\$aCUS
=583  \\$acommitted to retain$c20150506$dDecember 31, 2035$fTESTPROGRAM$fTESTPROGRAM Gold$uhttp://localhost/services/testprogram/docs/TESTPROGRAMProgramStatement.pdf
=583  \\$acompleteness reviewed$c20150506$fTESTPROGRAM$fTESTPROGRAM Gold$iissue-level$lReprints$zvol. 18 issue 9 is photocopy
=583  \\$acondition reviewed$c20150506$fTESTPROGRAM$fTESTPROGRAM Gold$iissue-level$lmissing text$zvol. 12 issue 6 missing text
=852  0\$aTESTINST1$bHDC$ctestprogram-trust
=866  30$80$a1(1959)-25(1983)
=867  30$80$a1(1959)-18(1968), 23(1981)

