=LDR  00745    a2200217 n 4500
=001  22816662280003841
=003  TestILS
=004  991028911409703841
=005  20210520081218.20
=007  ta
=008  1505190u\\\\0\\\0001ba\\\0\\\\\\\\\\\\\\
=014  1\$a8408442$bOCoLC
=022  \\$a0013-0265
=035  \\$a(OCoLC)8408442
=035  \\$a(TestILS)c13604223-01asu_inst
=245  00$aEconomic reporter.
=561  \\$aTESTINST1
=583  \\$acommitted to retain$c20150519$dDecember 31, 2035$fTESTPROGRAM$fTESTPROGRAM Gold$uhttp://localhost/services/testprogram/docs/TESTPROGRAMProgramStatement.pdf
=583  \\$acompleteness reviewed$c20150519$fTESTPROGRAM$fTESTPROGRAM Gold$iissue-level
=583  \\$acondition reviewed$c20150519$fTESTPROGRAM$fTESTPROGRAM Gold$iissue-level
=852  0\$aTESTINST1$bHDC$ctestprogram-trust$hHC426$i.E295x
=866  30$80$a1(1982)-6(1982)

