=LDR  00678nx  a22001811n 4500
=003  TestILS
=004  991032313129703841
=007  ta
=001  221122089890003841
=008  1908165u\\\\0\\\0000ba\\\0\\\\\\
=005  20210520081218.04
=035  \\$a(OCoLC)10157334
=245  00$aNFRB.
=583  \\$acommitted to retain$c20190823$dDecember 31, 2035$fTESTPROGRAM$fTESTPROGRAM Gold$uhttp://localhost/services/testprogram/docs/TESTPROGRAMProgramStatement.pdf
=583  \\$acompleteness reviewed$c20190823$fTESTPROGRAM$fTESTPROGRAM Gold$iissue level
=583  \\$acondition reviewed$c20190823$fTESTPROGRAM$fTESTPROGRAM Gold$iissue level$lreprints$z1(1931)-42(1938) reprints
=561  \\$aTESTINST1
=852  0\$aTESTINST1$bHDC$ctestprogram-trust$hHX11$i.F24x
=866  30$80$ano. 1(1931)-42(1938)

