=LDR  00698ny  a22002053n 4500
=001  22953169940003841
=003  TestILS
=004  991038898749703841
=005  20210520081217.54
=007  ta
=008  1505270u\\\\0\\\0001ba\\\0\\\\\\\\\\\\\\
=014  1\$a15220526$bOCoLC
=022  0\$a0896-5803
=035  \\$a(OCoLC)15220526
=035  \\$a(TestILS)c13605690-01asu_inst
=245  04$aThe Journal of real estate research.
=561  \\$aTESTINST1
=583  \\$acommitted to retain$c20150527$dDecember 31, 2035$fTESTPROGRAM$fTESTPROGRAM Silver$uhttp://localhost/services/testprogram/docs/TESTPROGRAMProgramStatement.pdf
=583  \\$acompleteness reviewed$c20150527$fTESTPROGRAM$fTESTPROGRAM Silver$ivolume-level$lmissing volumes$zmissing vol. 1-3
=852  0\$aTESTINST1$bHDC$ctestprogram-trust
=866  30$80$a4(1989)-27(2005)

