=LDR  00764    a2200217 n 4500
=001  22906863620003841
=003  TestILS
=004  991046864859703841
=005  20210520081217.39
=007  ta
=008  1605200u\\\\0\\\0001ba\\\0\\\\\\\\\\\\\\
=014  1\$a40660662$bOCoLC
=022  0\$a1523-4207
=035  \\$a(OCoLC)40660662
=035  \\$a(TestILS)c13831641-01asu_inst
=245  10$aAula :$barchitecture and urbanism in las Américas.
=561  \\$aTESTINST1
=583  \\$acommitted to retain$c20160520$dDecember 31, 2035$fTESTPROGRAM$fTESTPROGRAM Gold$uhttp://localhost/services/testprogram/docs/TESTPROGRAMProgramStatement.pdf
=583  \\$acompleteness reviewed$c20160520$fTESTPROGRAM$fTESTPROGRAM Gold$iissue-level$lmissing volumes$zmissing v.1-2
=583  \\$acondition reviewed$c20160520$fTESTPROGRAM$fTESTPROGRAM Gold$iissue-level
=852  0\$aTESTINST1$bHDC$ctestprogram-trust
=866  30$80$a3(2002)-4(2003)

