=LDR  00710ny  a22002173n 4500
=001  22927177590003841
=003  TestILS
=004  991011769749703841
=005  20210520081217.56
=007  ta
=008  1305030u\\\\0\\\0001ba\\\0\\\\\\\\\\\\\\
=014  1\$a1776618$bOCoLC
=022  \\$a1559-2472
=035  \\$a(OCoLC)1776618
=035  \\$a(TestILS)c13150340-01asu_inst
=245  00$aMusic supervisors' journal /$cNational Conference of Music Supervisors.
=561  \\$aTESTINST1
=583  \\$acommitted to retain$c20130503$dDecember 31, 2035$fTESTPROGRAM$fTESTPROGRAM Silver$uhttp://localhost/services/testprogram/docs/TESTPROGRAMProgramStatement.pdf
=583  \\$acompleteness reviewed$c20130503$fTESTPROGRAM$fTESTPROGRAM Silver$ivolume-level
=852  0\$aTESTINST1$bHDC$ctestprogram-trust$hML1$i.M272
=866  30$80$a2(1915)-20(1934)
=868  30$80$a2(1915)-20(1934)

