=LDR  00750ny  a22002293n 4500
=001  22839759870003841
=003  TestILS
=004  991011566589703841
=005  20210520081218.05
=007  ta
=008  1206180u\\\\0\\\0001ba\\\0\\\\\\\\\\\\\\
=014  1\$a1586420$bOCoLC
=022  \\$a0039-3495
=035  \\$a(OCoLC)1586420
=035  \\$a(TestILS)c12797972-01asu_inst
=245  00$aStudies.
=561  \\$aTESTINST1
=561  \\$aAZU
=561  \\$aSTA
=583  \\$acommitted to retain$c20120618$dDecember 31, 2035$fTESTPROGRAM$fTESTPROGRAM Silver$uhttp://localhost/services/testprogram/docs/TESTPROGRAMProgramStatement.pdf
=583  \\$acompleteness reviewed$c20120618$fTESTPROGRAM$fTESTPROGRAM Silver$ivolume-level$lmissing volumes$zmissing vol. 34 issues 133-134
=852  0\$aTESTINST1$bHDC$ctestprogram-trust
=866  30$80$a1(1912)-94(2005)

