=LDR  00758    a2200229 n 4500
=001  22910466470003841
=003  TestILS
=004  991016530329703841
=005  20210520081218.11
=007  ta
=008  1505150u\\\\0\\\0001ba\\\0\\\\\\\\\\\\\\
=014  1\$a3112596$bOCoLC
=022  0\$a0191-1783
=030  \\$aAPASDS
=035  \\$a(OCoLC)3112596
=035  \\$a(TestILS)c13598387-01asu_inst
=245  10$aAnnual conference proceedings - American Production and Inventory Control Society.
=561  \\$aTESTINST1
=583  \\$acommitted to retain$c20150515$dDecember 31, 2035$fTESTPROGRAM$fTESTPROGRAM Gold$uhttp://localhost/services/testprogram/docs/TESTPROGRAMProgramStatement.pdf
=583  \\$acompleteness reviewed$c20150515$fTESTPROGRAM$fTESTPROGRAM Gold$iissue-level
=583  \\$acondition reviewed$c20150515$fTESTPROGRAM$fTESTPROGRAM Gold$iissue-level
=852  0\$aTESTINST1$bHDC$ctestprogram-trust
=866  30$80$ano.19(1976)-23(1980)

