=LDR  00771ny  a22002173n 4500
=001  22826498970003841
=003  TestILS
=004  991008737069703841
=005  20210520081217.52
=007  ta
=008  1306110u\\\\0\\\0001ba\\\0\\\\\\\\\\\\\\
=014  1\$a1034960$bOCoLC
=022  \\$a0038-0237
=035  \\$a(OCoLC)1034960
=035  \\$a(TestILS)c13184441-01asu_inst
=245  00$aSociological focus.
=561  \\$aTESTINST1
=561  \\$aOKU
=583  \\$acommitted to retain$c20130611$dDecember 31, 2035$fTESTPROGRAM$fTESTPROGRAM Silver$uhttp://localhost/services/testprogram/docs/TESTPROGRAMProgramStatement.pdf
=583  \\$acompleteness reviewed$c20130611$fTESTPROGRAM$fTESTPROGRAM Silver$ivolume-level$lbinding patterns vary$zfor vols. 11-14, 17-20 two volumes bound together as single piece
=852  0\$aTESTINST1$bHDC$ctestprogram-trust
=866  30$80$a1(1967)-38(2005)

