=LDR  01035ny  a22002293n 4500
=001  22955774460003841
=003  TestILS
=004  991011491319703841
=005  20210520081217.44
=007  ta
=008  1207120u\\\\0\\\0001ba\\\0\\\\\\\\\\\\\\
=014  1\$a1514326$bOCoLC
=022  \\$a0300-4953
=035  \\$a(OCoLC)1514326
=035  \\$a(TestILS)c12809706-01asu_inst
=245  10$aArtes de México.
=561  \\$aTESTINST1
=561  \\$aAZU
=583  \\$acommitted to retain$c20120712$dDecember 31, 2035$fTESTPROGRAM$fTESTPROGRAM Gold$uhttp://localhost/services/testprogram/docs/TESTPROGRAMProgramStatement.pdf
=583  \\$acompleteness reviewed$c20120712$fTESTPROGRAM$fTESTPROGRAM Gold$iissue-level$lmissing issues$zmissing issues no.8-9(1955); no.11-12(1956), no.15-16(1957), no.18(1957)-20(1958), no.22-23(1958), no.200$lmissing pages$zno.8 & no.19 missing pages
=583  \\$acondition reviewed$c20120712$fTESTPROGRAM$fTESTPROGRAM Gold$iissue-level
=852  0\$aTESTINST1$bHDC$ctestprogram-trust
=866  30$80$ano.1(1953)-8(1955), 10(1955), 13(1956)-14(1956), 17(1958), 21(1958), 24(1958)-199(1980), 201(1981)-202(1981); n.s. no.1(1988)-77(2005)

