=LDR  00855ny  a22002293n 4500
=001  22888686910003841
=003  TestILS
=004  991008423039703841
=005  20210520081217.50
=007  ta
=008  1307220u\\\\0\\\0001ba\\\0\\\\\\\\\\\\\\
=014  1\$a1752126$bOCoLC
=022  \\$a0018-2508$l0018-2508
=035  \\$a(OCoLC)1752126
=035  \\$a(TestILS)c13228833-01asu_inst
=245  00$aHistorical New Hampshire.
=561  \\$aAZU
=561  \\$aWAU
=561  \\$aUUS
=583  \\$acommitted to retain$c20130722$dDecember 31, 2035$fTESTPROGRAM$fTESTPROGRAM Silver$uhttp://localhost/services/testprogram/docs/TESTPROGRAMProgramStatement.pdf
=583  \\$acompleteness reviewed$c20130722$fTESTPROGRAM$fTESTPROGRAM Silver$ivolume-level$lmissing volumes$zmissing vols. 13, 20-27, 30-31, 36-45
=852  0\$aTESTINST1$bHDC$ctestprogram-trust$hF31$i.H57
=866  30$80$a1(1944)-12(1956), 14(1958)-19(1964), 28(1973)-29(1974), 32(1977)-35(1980), 46(1991)-60(2006)

