=LDR  00771    a2200217 n 4500
=001  22860342520003841
=003  TestILS
=004  991011886779703841
=005  20210520081217.66
=007  ta
=008  1505010u\\\\0\\\0001ba\\\0\\\\\\\\\\\\\\
=014  1\$a2220166$bOCoLC
=022  \\$a0010-5023
=035  \\$a(OCoLC)2220166
=035  \\$a(TestILS)c13582811-01asu_inst
=245  00$aComunidad.
=561  \\$aTESTINST1
=583  \\$acommitted to retain$c20150501$dDecember 31, 2035$fTESTPROGRAM$fTESTPROGRAM Gold$uhttp://localhost/services/testprogram/docs/TESTPROGRAMProgramStatement.pdf
=583  \\$acompleteness reviewed$c20150501$fTESTPROGRAM$fTESTPROGRAM Gold$iissue-level$lmissing issues$zmissing no. 35, 39, 43
=583  \\$acondition reviewed$c20150501$fTESTPROGRAM$fTESTPROGRAM Gold$iissue-level
=852  0\$aTESTINST1$bHDC$ctestprogram-trust
=866  30$80$a1(1966)-12(1977)

