=LDR  00744ny  a22002293n 4500
=001  22892780740003841
=003  TestILS
=004  991011621449703841
=005  20210520081217.91
=007  ta
=008  1310300u\\\\0\\\0001ba\\\0\\\\\\\\\\\\\\
=014  1\$a1642714$bOCoLC
=022  0\$a0033-3557
=035  \\$a(OCoLC)1642714
=035  \\$a(TestILS)c13279798-01asu_inst
=245  04$aThe Public Interest.
=561  \\$aTESTINST1
=561  \\$aCPE
=561  \\$aGH0
=583  \\$acommitted to retain$c20131030$dDecember 31, 2035$fTESTPROGRAM$fTESTPROGRAM Silver$uhttp://localhost/services/testprogram/docs/TESTPROGRAMProgramStatement.pdf
=583  \\$acompleteness reviewed$c20131030$fTESTPROGRAM$fTESTPROGRAM Silver$ivolume-level$lmissing volumes$zmissing nos. 1(1965)
=852  0\$aTESTINST1$bHDC$ctestprogram-trust
=866  30$80$ano.2(1966)-159(2005)

