=LDR  00703nx  a22001931n 4500
=003  TestILS
=004  991011897259703841
=007  ta
=001  221122089220003841
=008  1908165u\\\\0\\\0000ba\\\0\\\\\\
=005  20210520081217.67
=022  \\$a0098-3365
=035  \\$a(OCoLC)2242109
=245  00$aPhaedrus.
=583  \\$acommitted to retain$c20190823$dDecember 31, 2035$fTESTPROGRAM$fTESTPROGRAM Gold$uhttp://localhost/services/testprogram/docs/TESTPROGRAMProgramStatement.pdf
=583  \\$acompleteness reviewed$c20190823$fTESTPROGRAM$fTESTPROGRAM Gold$iissue level$lmissing issues$zv.1:2(1974) missing
=583  \\$acondition reviewed$c20190823$fTESTPROGRAM$fTESTPROGRAM Gold$iissue level
=561  \\$aTESTINST1
=852  0\$aTESTINST1$bHDC$ctestprogram-trust$hPN1008.2$i.P48x
=866  30$80$a1(1973)-13(1988)

