=LDR  00760    a2200217 n 4500
=001  22877187240003841
=003  TestILS
=004  991018859119703841
=005  20210520081217.72
=007  ta
=008  1705080u\\\\0\\\0001ba\\\0\\\\\\\\\\\\\\
=014  1\$a4083136$bOCoLC
=022  0\$a1050-3919
=035  \\$a(OCoLC)4083136
=035  \\$a(TestILS)c14146605-01asu_inst
=245  00$aContemporary dramatists.
=561  \\$aTESTINST1
=583  \\$acommitted to retain$c20170508$dDecember 31, 2035$fTESTPROGRAM$fTESTPROGRAM Gold$uhttp://localhost/services/testprogram/docs/TESTPROGRAMProgramStatement.pdf
=583  \\$acompleteness reviewed$c20170508$fTESTPROGRAM$fTESTPROGRAM Gold$iissue-level$lmissing volumes$zmissing v.6
=583  \\$acondition reviewed$c20170508$fTESTPROGRAM$fTESTPROGRAM Gold$iissue-level
=852  0\$aTESTINST1$bHDC$ctestprogram-trust
=866  30$80$a1(1973)-5(1993)

