=LDR  00758    a2200217 n 4500
=001  22862551770003841
=003  TestILS
=004  991007521639703841
=005  20210520081217.49
=007  ta
=008  1705080u\\\\0\\\0001ba\\\0\\\\\\\\\\\\\\
=014  1\$a25895261$bOCoLC
=022  0\$a1072-530X
=035  \\$a(OCoLC)25895261
=035  \\$a(TestILS)c14129607-01asu_inst
=245  00$aFinancial aid for research and creative activities abroad.
=561  \\$aTESTINST1
=583  \\$acommitted to retain$c20170508$dDecember 31, 2035$fTESTPROGRAM$fTESTPROGRAM Gold$uhttp://localhost/services/testprogram/docs/TESTPROGRAMProgramStatement.pdf
=583  \\$acompleteness reviewed$c20170508$fTESTPROGRAM$fTESTPROGRAM Gold$iissue-level
=583  \\$acondition reviewed$c20170508$fTESTPROGRAM$fTESTPROGRAM Gold$iissue-level
=852  0\$aTESTINST1$bHDC$ctestprogram-trust
=866  30$80$ano.1(1992/1994)-4(1999/2001); (2002/2004)

