=LDR  00652nx  a22001931n 4500
=003  TestILS
=004  991018670899703841
=007  ta
=001  221155098300003841
=008  2103315u\\\\0\\\0000ba\\\0\\\\\\
=005  20210520081217.64
=022  \\$a0149-9858
=035  \\$a(OCoLC)3388303
=245  00$aSlavic and European education review.
=583  \\$acommitted to retain$c20210331$d20351231$fTESTPROGRAM$fTESTPROGRAM Gold$uhttp://localhost/services/testprogram/docs/TESTPROGRAMProgramStatement.pdf
=583  \\$acompleteness reviewed$c20210331$fTESTPROGRAM$fTESTPROGRAM Gold$iissue level
=583  \\$acondition reviewed$c20210331$fTESTPROGRAM$fTESTPROGRAM Gold$iissue level
=561  \\$aTESTINST1
=852  0\$aTESTINST1$bHDC$ctestprogram-trust$hLA620$i.S62
=866  30$80$a1(1977)-9(1985)

