=LDR  00838nx  a22001931n 4500
=003  TestILS
=004  991011437109703841
=007  ta
=001  221133691680003841
=008  1912315u\\\\0\\\0000ba\\\0\\\\\\
=005  20210520081217.70
=022  \\$a0742-3918
=035  \\$a(OCoLC)1337298
=245  00$aTrack technique.
=583  \\$acommitted to retain$c20191231$dDecember 31, 2035$fTESTPROGRAM$fTESTPROGRAM Gold$uhttp://localhost/services/testprogram/docs/TESTPROGRAMProgramStatement.pdf
=583  \\$acompleteness reviewed$c20191231$fTESTPROGRAM$fTESTPROGRAM Gold$iissue level$lmissing issues$zmissing no. 31-34, 36, 40-41, 70, 103, 119
=583  \\$acondition reviewed$c20191231$fTESTPROGRAM$fTESTPROGRAM Gold$iissue level
=561  \\$aTESTINST1
=852  0\$aTESTINST1$bHDC$ctestprogram-trust$hGV1060.5$i.T7
=866  30$80$ano. 1(1960)-30(1967), 35(1969), 37(1969)-39(1970), 42(1970)-69(1977), 71(1978)-102(1988), 104(1988)-118(1992), 120(1992)-130(1995)

