=LDR  00687ny  a22002173n 4500
=001  22827548180003841
=003  TestILS
=004  991030581689703841
=005  20210520081217.57
=007  ta
=008  1306140u\\\\0\\\0001ba\\\0\\\\\\\\\\\\\\
=014  1\$a9321071$bOCoLC
=022  \\$a0263-7146
=030  \\$aMEMAEM
=035  \\$a(OCoLC)9321071
=035  \\$a(TestILS)c13185548-01asu_inst
=245  00$aProceedings of the Institution of Mechanical Engineers.$nPart B,$pManagement and engineering manufacture.
=561  \\$aTESTINST1
=583  \\$acommitted to retain$c20130614$dDecember 31, 2035$fTESTPROGRAM$fTESTPROGRAM Silver$uhttp://localhost/services/testprogram/docs/TESTPROGRAMProgramStatement.pdf
=583  \\$acompleteness reviewed$c20130614$fTESTPROGRAM$fTESTPROGRAM Silver$ivolume-level
=852  0\$aTESTINST1$bHDC$ctestprogram-trust
=866  30$80$a197(1983)-202(1988)

