=LDR  00667ny  a22002053n 4500
=001  22950813050003841
=003  TestILS
=004  991002680189703841
=005  20210520081218.08
=007  ta
=008  1605200u\\\\0\\\0001ba\\\0\\\\\\\\\\\\\\
=014  1\$a34904484$bOCoLC
=022  \\$a0279-1161
=035  \\$a(OCoLC)34904484
=035  \\$a(TestILS)c13832177-01asu_inst
=245  10$aCalifornia English.
=561  \\$aTESTINST1
=583  \\$acommitted to retain$c20160520$dDecember 31, 2035$fTESTPROGRAM$fTESTPROGRAM Silver$uhttp://localhost/services/testprogram/docs/TESTPROGRAMProgramStatement.pdf
=583  \\$acompleteness reviewed$c20160520$fTESTPROGRAM$fTESTPROGRAM Silver$ivolume-level
=852  0\$aTESTINST1$bHDC$ctestprogram-trust
=866  30$80$an.s.1(1995)-13(2006)

