=LDR  00644nx  a22001811n 4500
=003  TestILS
=004  991025112849703841
=007  ta
=001  221134578230003841
=008  1912315u\\\\0\\\0000ba\\\0\\\\\\
=005  20210520081217.41
=035  \\$a(OCoLC)6596255
=245  00$aDirectory of outplacement firms.
=583  \\$acommitted to retain$c20191231$dDecember 31, 2035$fTESTPROGRAM$fTESTPROGRAM Gold$uhttp://localhost/services/testprogram/docs/TESTPROGRAMProgramStatement.pdf
=583  \\$acompleteness reviewed$c20191231$fTESTPROGRAM$fTESTPROGRAM Gold$iissue level
=583  \\$acondition reviewed$c20191231$fTESTPROGRAM$fTESTPROGRAM Gold$iissue level
=561  \\$aTESTINST1
=852  0\$aTESTINST1$bHDC$ctestprogram-trust$hHF5549.5.D55$iD5x
=866  30$80$ano.1(1980)-9(1997)

