=LDR  00676nx  a22001811n 4500
=003  TestILS
=004  991025068419703841
=007  ta
=001  221129396730003841
=008  1908165u\\\\0\\\0000ba\\\0\\\\\\
=005  20210520081217.43
=035  \\$a(OCoLC)6095223
=245  10$aAnnual of advertising art.
=583  \\$acommitted to retain$c20190923$dDecember 31, 2035$fTESTPROGRAM$fTESTPROGRAM Gold$uhttp://localhost/services/testprogram/docs/TESTPROGRAMProgramStatement.pdf
=583  \\$acompleteness reviewed$c20190923$fTESTPROGRAM$fTESTPROGRAM Gold$iissue level$lmissing issues$zv.23(1944) missing
=583  \\$acondition reviewed$c20190923$fTESTPROGRAM$fTESTPROGRAM Gold$iissue level
=561  \\$aTESTINST1
=852  0\$aTESTINST1$bHDC$ctestprogram-trust$hNC997.A1$iA69
=866  30$80$a22(1943), 24(1945)

