=LDR  00663nx  a22001931n 4500
=003  TestILS
=004  991033880959703841
=007  ta
=001  221147858640003841
=008  2006305u\\\\0\\\0000ba\\\0\\\\\\
=005  20210520081218.00
=022  \\$a0748-0636
=035  \\$a(OCoLC)10881327
=245  00$aContemporary authors autobiography series.
=583  \\$acommitted to retain$c20200630$dDecember 31, 2035$fTESTPROGRAM$fTESTPROGRAM Gold$uhttp://localhost/services/testprogram/docs/TESTPROGRAMProgramStatement.pdf
=583  \\$acompleteness reviewed$c20200630$fTESTPROGRAM$fTESTPROGRAM Gold$iissue level
=583  \\$acondition reviewed$c20200630$fTESTPROGRAM$fTESTPROGRAM Gold$iissue level
=561  \\$aTESTINST1
=852  0\$aTESTINST1$bHDC$ctestprogram-trust$hPN453$i.C63
=866  30$80$a1(1984)-30(1999)

