=LDR  00660nx  a22001931n 4500
=003  TestILS
=004  991005909629703841
=007  ta
=001  221126309590003841
=008  1908165u\\\\0\\\0000ba\\\0\\\\\\
=005  20210520081218.17
=022  \\$a0085-4999
=035  \\$a(OCoLC)860385
=245  00$aPolk's world bank directory.$pInternational section.
=583  \\$acommitted to retain$c20190823$dDecember 31, 2035$fTESTPROGRAM$fTESTPROGRAM Gold$uhttp://localhost/services/testprogram/docs/TESTPROGRAMProgramStatement.pdf
=583  \\$acompleteness reviewed$c20190823$fTESTPROGRAM$fTESTPROGRAM Gold$iissue level
=583  \\$acondition reviewed$c20190823$fTESTPROGRAM$fTESTPROGRAM Gold$iissue level
=561  \\$aTESTINST1
=852  0\$aTESTINST1$bHDC$ctestprogram-trust$hHG1536$i.P633
=866  30$80$a(1971)-(1974)

