=LDR  00728nx  a22001931n 4500
=003  TestILS
=004  991011577299703841
=007  ta
=001  221154737280003841
=008  2104185u\\\\0\\\0000ba\\\0\\\\\\
=005  20210520081217.79
=022  \\$a0034-1207
=035  \\$a(OCoLC)1589244
=245  00$aRecenzija.
=583  \\$acommitted to retain$c20210418$d20351231$fTESTPROGRAM$fTESTPROGRAM Gold$uhttp://localhost/services/testprogram/docs/TESTPROGRAMProgramStatement.pdf
=583  \\$acompleteness reviewed$c20210418$fTESTPROGRAM$fTESTPROGRAM Gold$iissue level$lmissing issues$zmissing v.1:1(1970), 2(1971/72), v.4:1(1973/74)
=583  \\$acondition reviewed$c20210418$fTESTPROGRAM$fTESTPROGRAM Gold$iissue level
=561  \\$aTESTINST1
=852  0\$aTESTINST1$bHDC$ctestprogram-trust$hZ1035.6$i.R43
=866  30$80$a1(1971), 3(1972)-9(1979)

