=LDR  00756    a2200217 n 4500
=001  22885589980003841
=003  TestILS
=004  991011574489703841
=005  20210520081218.06
=007  ta
=008  1605200u\\\\0\\\0001ba\\\0\\\\\\\\\\\\\\
=014  1\$a1588451$bOCoLC
=022  0\$a0025-3820$l0025-3820
=035  \\$a(OCoLC)1588451
=035  \\$a(TestILS)c13831598-01asu_inst
=245  04$aThe Markham review.
=561  \\$aTESTINST1
=583  \\$acommitted to retain$c20160520$dDecember 31, 2035$fTESTPROGRAM$fTESTPROGRAM Gold$uhttp://localhost/services/testprogram/docs/TESTPROGRAMProgramStatement.pdf
=583  \\$acompleteness reviewed$c20160520$fTESTPROGRAM$fTESTPROGRAM Gold$iissue-level
=583  \\$acondition reviewed$c20160520$fTESTPROGRAM$fTESTPROGRAM Gold$iissue-level
=852  0\$aTESTINST1$bHDC$ctestprogram-trust$hPS2363$i.A23
=866  30$80$a1(1968)-16(1987)

