=LDR  00777    a2200229 n 4500
=001  22817124230003841
=003  TestILS
=004  991011515739703841
=005  20210520081217.45
=007  ta
=008  1305290u\\\\0\\\0001ba\\\0\\\\\\\\\\\\\\
=014  1\$a1553155$bOCoLC
=022  0\$a0008-4220$l0008-4220
=030  \\$aCPLSAY
=035  \\$a(OCoLC)1553155
=035  \\$a(TestILS)c13181208-01asu_inst
=245  00$aCanadian journal of plant science.$bRevue canadienne de phytotechnie.
=561  \\$aTESTINST1
=583  \\$acommitted to retain$c20130529$dDecember 31, 2035$fTESTPROGRAM$fTESTPROGRAM Gold$uhttp://localhost/services/testprogram/docs/TESTPROGRAMProgramStatement.pdf
=583  \\$acompleteness reviewed$c20130529$fTESTPROGRAM$fTESTPROGRAM Gold$iissue-level
=583  \\$acondition reviewed$c20130529$fTESTPROGRAM$fTESTPROGRAM Gold$iissue-level
=852  0\$aTESTINST1$bHDC$ctestprogram-trust$hSB1$i.C28
=866  30$80$a37(1957)-85(2005)

