=LDR  00663nx  a22001931n 4500
=003  TestILS
=004  991007503489703841
=007  ta
=001  221128982900003841
=008  1908165u\\\\0\\\0000ba\\\0\\\\\\
=005  20210520081218.17
=022  \\$a1072-5911
=035  \\$a(OCoLC)25207341
=245  00$aMaster's theses directories.$pEducation.
=583  \\$acommitted to retain$c20190923$dDecember 31, 2035$fTESTPROGRAM$fTESTPROGRAM Gold$uhttp://localhost/services/testprogram/docs/TESTPROGRAMProgramStatement.pdf
=583  \\$acompleteness reviewed$c20190923$fTESTPROGRAM$fTESTPROGRAM Gold$iissue level
=583  \\$acondition reviewed$c20190923$fTESTPROGRAM$fTESTPROGRAM Gold$iissue level
=561  \\$aTESTINST1
=852  0\$aTESTINST1$bHDC$ctestprogram-trust$hL11$i.M36x
=866  30$80$a40(1991)-41(1992)

