=LDR  00689nx  a22001931n 4500
=003  TestILS
=004  991018832129703841
=007  ta
=001  221155098210003841
=008  2103085u\\\\0\\\0000ba\\\0\\\\\\
=005  20210520081217.65
=022  \\$a0378-4789
=035  \\$a(OCoLC)3722840
=245  04$aThe Independent journal of philosophy.$bUnabhängige Zeitschrift für Philosophie.
=583  \\$acommitted to retain$c20210308$d20351231$fTESTPROGRAM$fTESTPROGRAM Gold$uhttp://localhost/services/testprogram/docs/TESTPROGRAMProgramStatement.pdf
=583  \\$acompleteness reviewed$c20210308$fTESTPROGRAM$fTESTPROGRAM Gold$iissue level$lmissing issues$zmissing v.4
=583  \\$acondition reviewed$c20210308$fTESTPROGRAM$fTESTPROGRAM Gold$iissue level
=561  \\$aTESTINST1
=852  0\$aTESTINST1$bHDC$ctestprogram-trust$hB1$i.I53
=866  30$80$a1(1977)-3(1979), 5/6(1988)

