=LDR  00741ny  a22002173n 4500
=001  22883826270003841
=003  TestILS
=004  991022848809703841
=005  20210520081218.13
=007  ta
=008  1306030u\\\\0\\\0001ba\\\0\\\\\\\\\\\\\\
=014  1\$a5162138$bOCoLC
=022  0\$a0193-1830
=035  \\$a(OCoLC)5162138
=035  \\$a(TestILS)c13182365-01asu_inst
=245  10$aAMHCA journal.
=561  \\$aTESTINST1
=561  \\$aCPS
=583  \\$acommitted to retain$c20130603$dDecember 31, 2035$fTESTPROGRAM$fTESTPROGRAM Silver$uhttp://localhost/services/testprogram/docs/TESTPROGRAMProgramStatement.pdf
=583  \\$acompleteness reviewed$c20130603$fTESTPROGRAM$fTESTPROGRAM Silver$ivolume-level$lmissing volumes$zmissing v.1-3, v.6:4
=852  0\$aTESTINST1$bHDC$ctestprogram-trust$hBF637.C6$iA42a
=866  30$80$a6(1984)-9, no.2(1987)

