=LDR  00747    a2200217 n 4500
=001  22937219130003841
=003  TestILS
=004  991011445729703841
=005  20210520081217.71
=007  ta
=008  1505270u\\\\0\\\0001ba\\\0\\\\\\\\\\\\\\
=014  1\$a1417015$bOCoLC
=022  \\$a0095-8778
=035  \\$a(OCoLC)1417015
=035  \\$a(TestILS)c13606190-01asu_inst
=245  00$aComputers in chemical and biochemical research.
=561  \\$aTESTINST1
=583  \\$acommitted to retain$c20150527$dDecember 31, 2035$fTESTPROGRAM$fTESTPROGRAM Gold$uhttp://localhost/services/testprogram/docs/TESTPROGRAMProgramStatement.pdf
=583  \\$acompleteness reviewed$c20150527$fTESTPROGRAM$fTESTPROGRAM Gold$iissue-level
=583  \\$acondition reviewed$c20150527$fTESTPROGRAM$fTESTPROGRAM Gold$iissue-level
=852  0\$aTESTINST1$bHDC$ctestprogram-trust$hQD39.3.E46$iC65
=866  30$80$a1(1972)-2(1974)

