=LDR  00702ny  a22002293n 4500
=001  22965536300003841
=003  TestILS
=004  991005913669703841
=005  20210520081218.17
=007  ta
=008  1401060u\\\\0\\\0001ba\\\0\\\\\\\\\\\\\\
=014  1\$a942394$bOCoLC
=022  0\$a0008-333X
=030  \\$aCCCCBL
=035  \\$a(OCoLC)942394
=035  \\$a(TestILS)c13303818-01asu_inst
=245  00$aCanadian counsellor.
=561  \\$aTESTINST1
=561  \\$aWYU
=583  \\$acommitted to retain$c20140106$dDecember 31, 2035$fTESTPROGRAM$fTESTPROGRAM Silver$uhttp://localhost/services/testprogram/docs/TESTPROGRAMProgramStatement.pdf
=583  \\$acompleteness reviewed$c20140106$fTESTPROGRAM$fTESTPROGRAM Silver$ivolume-level
=852  0\$aTESTINST1$bHDC$ctestprogram-trust
=866  30$80$a1(1967)-19(1985)

