=LDR  00762    a2200217 n 4500
=001  22968629840003841
=003  TestILS
=004  991002407459703841
=005  20210520081218.08
=007  ta
=008  1505290u\\\\0\\\0001ba\\\0\\\\\\\\\\\\\\
=014  1\$a22288200$bOCoLC
=022  0\$a1052-4150
=035  \\$a(OCoLC)22288200
=035  \\$a(TestILS)c1360644x-01asu_inst
=245  10$aRobotics and manufacturing :$brecent trends in research, education, and applications : proceedings of the ... International Symposium on Robotics and Manufacturing: Research, Education, and Applications, held ...
=561  \\$aTESTINST1
=583  \\$acommitted to retain$c20150529$dDecember 31, 2035$fTESTPROGRAM$fTESTPROGRAM Gold$uhttp://localhost/services/testprogram/docs/TESTPROGRAMProgramStatement.pdf
=583  \\$acompleteness reviewed$c20150529$fTESTPROGRAM$fTESTPROGRAM Gold$iissue-level$lmissing volumes$zmissing vol. 2-4, 6
=583  \\$acondition reviewed$c20150529$fTESTPROGRAM$fTESTPROGRAM Gold$iissue-level
=852  0\$aTESTINST1$bHDC$ctestprogram-trust
=866  30$80$a5(1994)

