=LDR  00740nx  a22001931n 4500
=003  TestILS
=004  991011487209703841
=007  ta
=001  221135268810003841
=008  2001295u\\\\0\\\0000ba\\\0\\\\\\
=005  20210520081217.68
=022  \\$a0041-6479
=035  \\$a(OCoLC)1508614
=245  00$aUnder the sign of Pisces.
=583  \\$acommitted to retain$c20200129$dDecember 31, 2035$fTESTPROGRAM$fTESTPROGRAM Gold$uhttp://localhost/services/testprogram/docs/TESTPROGRAMProgramStatement.pdf
=583  \\$acompleteness reviewed$c20200129$fTESTPROGRAM$fTESTPROGRAM Gold$iissue level$lmissing issues$zmissing v.10:2-4(1979), v.11:2-4(1980), v.12:2-4(1981)
=583  \\$acondition reviewed$c20200129$fTESTPROGRAM$fTESTPROGRAM Gold$iissue level
=561  \\$aTESTINST1
=852  0\$aTESTINST1$bHDC$ctestprogram-trust$hPS3527.I865$iZ96x
=866  30$80$a1(1970)-12(1981)

