=LDR  00620nx  a22001811n 4500
=003  TestILS
=004  991022882059703841
=007  ta
=001  221111805100003841
=008  1906130u\\\\0\\\0000ba\\\0\\\\\\
=005  20210520081217.76
=022  \\$a0271-4760
=035  \\$a(OCoLC)5586143
=245  00$aFodor's Caribbean and the Bahamas.
=583  \\$acommitted to retain$c20190613$dDecember 31, 2035$fTESTPROGRAM$fTESTPROGRAM Silver$uhttp://localhost/services/testprogram/docs/TESTPROGRAMProgramStatement.pdf
=583  \\$acompleteness reviewed$c20190613$fTESTPROGRAM$fTESTPROGRAM Silver$ivolume level$lmissing volumes$zmissing 1980
=561  \\$aTESTINST1
=852  0\$aTESTINST1$bHDC$ctestprogram-trust$hF1612$i.F64
=866  30$80$a(1981)-(1985)

