=LDR  00814    a2200229 n 4500
=001  22903877210003841
=003  TestILS
=004  991011610849703841
=005  20210520081217.90
=007  ta
=008  1505060u\\\\0\\\0001ba\\\0\\\\\\\\\\\\\\
=014  1\$a1640084$bOCoLC
=035  \\$a(OCoLC)1640084
=035  \\$a(TestILS)c13597450-01asu_inst
=245  00$aQuarterly journal of management development.
=561  \\$aTESTINST1
=561  \\$aOKU
=561  \\$aIYU
=583  \\$acommitted to retain$c20150506$dDecember 31, 2035$fTESTPROGRAM$fTESTPROGRAM Gold$uhttp://localhost/services/testprogram/docs/TESTPROGRAMProgramStatement.pdf
=583  \\$acompleteness reviewed$c20150506$fTESTPROGRAM$fTESTPROGRAM Gold$iissue-level$lmissing issues$zmissing vol. 3 issues 3-4$lReprints$zv.1 & 3 Reprint
=583  \\$acondition reviewed$c20150506$fTESTPROGRAM$fTESTPROGRAM Gold$iissue-level
=852  0\$aTESTINST1$bHDC$ctestprogram-trust
=866  30$80$a1(1970)-4(1973)

