=LDR  00580ny  a22001933n 4500
=001  22837731980003841
=003  TestILS
=004  991011823879703841
=005  20210520081217.75
=007  ta
=008  1205030u\\\\0\\\0001ba\\\0\\\\\\\\\\\\\\
=014  1\$a1794378$bOCoLC
=022  \\$a0094-6958
=035  \\$a(OCoLC)1794378
=035  \\$a(TestILS)c1269003x-01asu_inst
=245  00$aSage public administration abstracts.
=561  \\$aTESTINST1
=583  \\$acommitted to retain$c20120503$dDecember 31, 2035$fTESTPROGRAM$fTESTPROGRAM Bronze$uhttp://localhost/services/testprogram/docs/TESTPROGRAMProgramStatement.pdf
=852  0\$aTESTINST1$bHDC$ctestprogram-trust
=866  30$80$a1(1974)-32(2006)

