=LDR  00734    a2200217 n 4500
=001  22905983930003841
=003  TestILS
=004  991021816729703841
=005  20210520081217.36
=007  ta
=008  1404160u\\\\0\\\0001ba\\\0\\\\\\\\\\\\\\
=014  1\$a13993212$bOCoLC
=022  0\$a0366-7391
=035  \\$a(OCoLC)13993212
=035  \\$a(TestILS)c13401439-01asu_inst
=245  00$aCanadian journal of research.$nSec. B.
=561  \\$aTESTINST1
=583  \\$acommitted to retain$c20140416$dDecember 31, 2035$fTESTPROGRAM$fTESTPROGRAM Gold$uhttp://localhost/services/testprogram/docs/TESTPROGRAMProgramStatement.pdf
=583  \\$acompleteness reviewed$c20140416$fTESTPROGRAM$fTESTPROGRAM Gold$iissue-level
=583  \\$acondition reviewed$c20140416$fTESTPROGRAM$fTESTPROGRAM Gold$iissue-level
=852  0\$aTESTINST1$bHDC$ctestprogram-trust
=866  30$80$a13(1935)-21(1943)

