=LDR  00799ny  a22002413n 4500
=001  22958441390003841
=003  TestILS
=004  991011745069703841
=005  20210520081217.48
=007  ta
=008  1404160u\\\\0\\\0001ba\\\0\\\\\\\\\\\\\\
=014  1\$a1767666$bOCoLC
=022  0\$a0041-0330
=035  \\$a(OCoLC)1767666
=035  \\$a(TestILS)c13401038-01asu_inst
=245  04$aThe Tracker.
=561  \\$aTESTINST1
=561  \\$aCBC
=583  \\$acommitted to retain$c20140416$dDecember 31, 2035$fTESTPROGRAM$fTESTPROGRAM Silver$uhttp://localhost/services/testprogram/docs/TESTPROGRAMProgramStatement.pdf
=583  \\$acompleteness reviewed$c20140416$fTESTPROGRAM$fTESTPROGRAM Silver$ivolume-level$lmissing volumes$zmissing vols. 34
=852  0\$aTESTINST1$bHDC$ctestprogram-trust
=866  30$80$a1(1956)-33(1990), 35(1991)-50(2006)
=867  30$80$a36(1992)
=868  30$80$a1(1956)-33(1989)

