=LDR  00832    a2200217 n 4500
=001  22942173860003841
=003  TestILS
=004  991025114129703841
=005  20210520081217.41
=007  ta
=008  1505150u\\\\0\\\0001ba\\\0\\\\\\\\\\\\\\
=014  1\$a6615286$bOCoLC
=022  0\$a0272-8362
=035  \\$a(OCoLC)6615286
=035  \\$a(TestILS)c13601295-01asu_inst
=245  00$aSetting municipal priorities.
=561  \\$aTESTINST1
=583  \\$acommitted to retain$c20150515$dDecember 31, 2035$fTESTPROGRAM$fTESTPROGRAM Gold$uhttp://localhost/services/testprogram/docs/TESTPROGRAMProgramStatement.pdf
=583  \\$acompleteness reviewed$c20150515$fTESTPROGRAM$fTESTPROGRAM Gold$iissue-level$lmissing volumes$zmissing 1982, 1985, 1987, 1989
=583  \\$acondition reviewed$c20150515$fTESTPROGRAM$fTESTPROGRAM Gold$iissue-level
=852  0\$aTESTINST1$bHDC$ctestprogram-trust$hHJ9289.N4$iS48
=866  30$80$a(1980)-(1981), (1983)-(1984), (1986), (1988), (1990)

