=LDR  01001ny  a22002173n 4500
=001  22890098890003841
=003  TestILS
=004  991007816439703841
=005  20210520081217.49
=007  ta
=008  1305060u\\\\0\\\0001ba\\\0\\\\\\\\\\\\\\
=014  1\$a2246792$bOCoLC
=022  \\$a1016-4170
=035  \\$a(OCoLC)2246792
=035  \\$a(TestILS)c13150546-01asu_inst
=245  00$6880-01$aYi shu jia.
=561  \\$aTESTINST1
=583  \\$acommitted to retain$c20130506$dDecember 31, 2035$fTESTPROGRAM$fTESTPROGRAM Gold$uhttp://localhost/services/testprogram/docs/TESTPROGRAMProgramStatement.pdf
=583  \\$acompleteness reviewed$c20130506$fTESTPROGRAM$fTESTPROGRAM Gold$iissue-level$lmissing issues$zmissing issue nos. 89, 96, 114, 151, 155, 159, 161, 163, 170, 322
=583  \\$acondition reviewed$c20130506$fTESTPROGRAM$fTESTPROGRAM Gold$iissue-level
=852  0\$aTESTINST1$bHDC$ctestprogram-trust
=866  30$80$a1(1975)-88(1982), 90(1982)-95(1983), 97(1983)-113(1984), 115(1984)-150(1987), 152(1983)-154(1988), 156(1988)-158(1988), 160(1988), 162(1988), 164(1989)-169(1989), 171(1989)-321(2002), 323(2002)-367(2005)

