=LDR  00730nx  a22001931n 4500
=003  TestILS
=004  991014165889703841
=007  ta
=001  221153823820003841
=008  2104145u\\\\0\\\0000ba\\\0\\\\\\
=005  20210520081217.92
=022  \\$a0007-1625
=035  \\$a(OCoLC)2383344
=245  00$aBritish plastics.
=583  \\$acommitted to retain$c20210414$d20351231$fTESTPROGRAM$fTESTPROGRAM Gold$uhttp://localhost/services/testprogram/docs/TESTPROGRAMProgramStatement.pdf
=583  \\$acompleteness reviewed$c20210414$fTESTPROGRAM$fTESTPROGRAM Gold$iissue level$lmissing issues$zmissing v.1(1929)-26(1953), v.31(1958)
=583  \\$acondition reviewed$c20210414$fTESTPROGRAM$fTESTPROGRAM Gold$iissue level
=561  \\$aTESTINST1
=852  0\$aTESTINST1$bHDC$ctestprogram-trust$hTP1101$i.B6x
=866  30$80$a27(1954)-30(1957), 32(1959)-45(1972)

