=LDR  00709nx  a22001931n 4500
=003  TestILS
=004  991028924339703841
=007  ta
=001  221133693500003841
=008  1912315u\\\\0\\\0000ba\\\0\\\\\\
=005  20210520081218.20
=022  \\$a0737-2698
=035  \\$a(OCoLC)8626232
=245  00$aHistory of higher education annual.
=583  \\$acommitted to retain$c20191231$dDecember 31, 2035$fTESTPROGRAM$fTESTPROGRAM Gold$uhttp://localhost/services/testprogram/docs/TESTPROGRAMProgramStatement.pdf
=583  \\$acompleteness reviewed$c20191231$fTESTPROGRAM$fTESTPROGRAM Gold$iissue level$lmissing issues$zmissing 1(1981)-3(1983)
=583  \\$acondition reviewed$c20191231$fTESTPROGRAM$fTESTPROGRAM Gold$iissue level
=561  \\$aTESTINST1
=852  0\$aTESTINST1$bHDC$ctestprogram-trust$hLB2300$i.H55
=866  30$80$a4(1984)-23(2003/2004)

