=LDR  00823nx  a22001811n 4500
=003  TestILS
=004  991016544559703841
=007  ta
=001  221111805040003841
=008  1905310u\\\\0\\\0000ba\\\0\\\\\\
=005  20210520081218.18
=022  \\$a1995-3046
=035  \\$a(OCoLC)3294863
=245  10$aOECD economic surveys:$pUnited States.
=583  \\$acommitted to retain$c20190531$dDecember 31, 2035$fTESTPROGRAM$fTESTPROGRAM Silver$uhttp://localhost/services/testprogram/docs/TESTPROGRAMProgramStatement.pdf
=583  \\$acompleteness reviewed$c20190531$fTESTPROGRAM$fTESTPROGRAM Silver$ivolume level$lmissing volumes$zmissing (1969), (1973), (1976), (1981), (1983), (1985), (1998), (2003), (2006), (2009)-(2015)
=561  \\$aTESTINST1
=852  0\$aTESTINST1$bHDC$ctestprogram-trust$hHC106.5$i.O7
=866  30$80$a(1967)-(1968), (1970)-(1972), (1974)-(1975), (1977)-(1980), (1982), (1984), (1986)-(1997), (1999)-(2002), (2004)-(2005), (2007)-(2008)

