=LDR  00593nx  a22001811n 4500
=003  TestILS
=004  991032305859703841
=007  ta
=001  221114888160003841
=008  1905310u\\\\0\\\0000ba\\\0\\\\\\
=005  20210520081218.03
=022  \\$a0212-0550
=035  \\$a(OCoLC)10054634
=245  00$aCuadernos de traducción e interpretación =$bQuaderns de traducció i interpretació.
=583  \\$acommitted to retain$c20190531$dDecember 31, 2035$fTESTPROGRAM$fTESTPROGRAM Silver$uhttp://localhost/services/testprogram/docs/TESTPROGRAMProgramStatement.pdf
=583  \\$acompleteness reviewed$c20190531$fTESTPROGRAM$fTESTPROGRAM Silver$ivolume level
=561  \\$aTESTINST1
=852  0\$aTESTINST1$bHDC$ctestprogram-trust$hP306.A1$iC8
=866  30$80$a1(1982)-12(1992)

