=LDR  00807    a2200217 n 4500
=001  22902152870003841
=003  TestILS
=004  991027199989703841
=005  20210520081217.81
=007  ta
=008  1605090u\\\\0\\\0001ba\\\0\\\\\\\\\\\\\\
=014  1\$a7973131$bOCoLC
=022  \\$a0731-2199
=035  \\$a(OCoLC)7973131
=035  \\$a(TestILS)c13793573-01asu_inst
=245  00$aAdvances in health economics and health services research.
=561  \\$aTESTINST1
=583  \\$acommitted to retain$c20160509$dDecember 31, 2035$fTESTPROGRAM$fTESTPROGRAM Gold$uhttp://localhost/services/testprogram/docs/TESTPROGRAMProgramStatement.pdf
=583  \\$acompleteness reviewed$c20160509$fTESTPROGRAM$fTESTPROGRAM Gold$iissue-level$lmissing volumes$zmissing v.6
=583  \\$acondition reviewed$c20160509$fTESTPROGRAM$fTESTPROGRAM Gold$iissue-level$lmarginalia$zv.5 marginalia
=852  0\$aTESTINST1$bHDC$ctestprogram-trust
=866  30$80$a2(1981)-5(1984), 7(1987)-16(2005)

