=LDR  00777nx  a22001931n 4500
=003  TestILS
=004  991023637059703841
=007  ta
=001  221148379900003841
=008  2006305u\\\\0\\\0000ba\\\0\\\\\\
=005  20210520081217.42
=022  \\$a0897-2354
=035  \\$a(OCoLC)14713924
=245  00$aNortheast Indian quarterly.
=583  \\$acommitted to retain$c20200630$dDecember 31, 2035$fTESTPROGRAM$fTESTPROGRAM Gold$uhttp://localhost/services/testprogram/docs/TESTPROGRAMProgramStatement.pdf
=583  \\$acompleteness reviewed$c20200630$fTESTPROGRAM$fTESTPROGRAM Gold$iissue level$lmissing issues$zmissing v.3:1-4(1986); v.4:1-3(1987); v.5:2-3(1988); 6:3-4(1989); v.7:1-2,4(1990); v.8:1-2,4(1991)
=583  \\$acondition reviewed$c20200630$fTESTPROGRAM$fTESTPROGRAM Gold$iissue level
=561  \\$aTESTINST1
=852  0\$aTESTINST1$bHDC$ctestprogram-trust$hE51$i.N33x
=866  30$80$a4(1987)-8(1991)

