=LDR  00721nx  a22001931n 4500
=003  TestILS
=004  991022882009703841
=007  ta
=001  221162169210003841
=008  2103090u\\\\0\\\0000ba\\\0\\\\\\
=005  20210520081217.76
=022  \\$a0727-0046
=035  \\$a(OCoLC)5585877
=245  00$aAltro polo.
=583  \\$acommitted to retain$c20210309$d20351231$fTESTPROGRAM$fTESTPROGRAM Gold$uhttp://localhost/services/testprogram/docs/TESTPROGRAMProgramStatement.pdf
=583  \\$acompleteness reviewed$c20210309$fTESTPROGRAM$fTESTPROGRAM Gold$iissue level$lmissing issues$zmissing (1996)
=583  \\$acondition reviewed$c20210309$fTESTPROGRAM$fTESTPROGRAM Gold$iissue level
=561  \\$aTESTINST1
=852  0\$aTESTINST1$bHDC$ctestprogram-trust$hDG401$i.A47x
=866  30$80$a(1978)-(1980), (1982)-(1984), (1986), (1988)-(1990)

