=LDR  00740    a2200217 n 4500
=001  22911375560003841
=003  TestILS
=004  991045430969703841
=005  20210520081218.07
=007  ta
=008  1705080u\\\\0\\\0001ba\\\0\\\\\\\\\\\\\\
=014  1\$a43353724$bOCoLC
=022  \\$a0119-6456
=035  \\$a(OCoLC)43353724
=035  \\$a(TestILS)c14147658-01asu_inst
=245  00$aStudies in Philippine languages & cultures.
=561  \\$aTESTINST1
=583  \\$acommitted to retain$c20170508$dDecember 31, 2035$fTESTPROGRAM$fTESTPROGRAM Gold$uhttp://localhost/services/testprogram/docs/TESTPROGRAMProgramStatement.pdf
=583  \\$acompleteness reviewed$c20170508$fTESTPROGRAM$fTESTPROGRAM Gold$iissue-level
=583  \\$acondition reviewed$c20170508$fTESTPROGRAM$fTESTPROGRAM Gold$iissue-level
=852  0\$aTESTINST1$bHDC$ctestprogram-trust
=866  30$80$a10, no.2(1999)-14(2005)

