=LDR  00767nx  a22001811n 4500
=003  TestILS
=004  991046339759703841
=007  ta
=001  221130089290003841
=008  1910315u\\\\0\\\0000ba\\\0\\\\\\
=005  20210520081217.73
=035  \\$a(OCoLC)18453725
=245  00$aAngles on the English speaking world.
=583  \\$acommitted to retain$c20191031$dDecember 31, 2035$fTESTPROGRAM$fTESTPROGRAM Gold$uhttp://localhost/services/testprogram/docs/TESTPROGRAMProgramStatement.pdf
=583  \\$acompleteness reviewed$c20191031$fTESTPROGRAM$fTESTPROGRAM Gold$iissue level$lmissing issues$zmissing no.1 (1986)-6(1992); v.7(1993)-v.11(1999); n.s. v.7(2007)-8(2008), 11(2011)-15(2015)
=583  \\$acondition reviewed$c20191031$fTESTPROGRAM$fTESTPROGRAM Gold$iissue level
=561  \\$aTESTINST1
=852  0\$aTESTINST1$bHDC$ctestprogram-trust$hPE9$i.A55
=866  30$80$an.s. 1(2001)-6(2006), 9(2009)-10(2010)

