=LDR  00663nx  a22001931n 4500
=003  TestILS
=004  991035506459703841
=007  ta
=001  221147858560003841
=008  2006305u\\\\0\\\0000ba\\\0\\\\\\
=005  20210520081217.98
=022  \\$a0885-6842
=035  \\$a(OCoLC)12708474
=245  00$aSomething about the author.$pAutobiography series.
=583  \\$acommitted to retain$c20200630$dDecember 31, 2035$fTESTPROGRAM$fTESTPROGRAM Gold$uhttp://localhost/services/testprogram/docs/TESTPROGRAMProgramStatement.pdf
=583  \\$acompleteness reviewed$c20200630$fTESTPROGRAM$fTESTPROGRAM Gold$iissue level
=583  \\$acondition reviewed$c20200630$fTESTPROGRAM$fTESTPROGRAM Gold$iissue level
=561  \\$aTESTINST1
=852  0\$aTESTINST1$bHDC$ctestprogram-trust$hPN497$i.S66
=866  30$80$a1(1986)-26(1998)

