=LDR  00751    a2200229 n 4500
=001  22877104140003841
=003  TestILS
=004  991018857909703841
=005  20210520081217.72
=007  ta
=008  1605010u\\\\0\\\0001ba\\\0\\\\\\\\\\\\\\
=014  1\$a4072770$bOCoLC
=022  \\$a0586-5581
=030  \\$aSEMYBL
=035  \\$a(OCoLC)4072770
=035  \\$a(TestILS)c1379310x-01asu_inst
=245  10$aScanning electron microscopy.
=561  \\$aTESTINST1
=583  \\$acommitted to retain$c20160501$dDecember 31, 2035$fTESTPROGRAM$fTESTPROGRAM Gold$uhttp://localhost/services/testprogram/docs/TESTPROGRAMProgramStatement.pdf
=583  \\$acompleteness reviewed$c20160501$fTESTPROGRAM$fTESTPROGRAM Gold$iissue-level
=583  \\$acondition reviewed$c20160501$fTESTPROGRAM$fTESTPROGRAM Gold$iissue-level
=852  0\$aTESTINST1$bHDC$ctestprogram-trust
=866  30$80$a(1978)-(1986)

