=LDR  00752    a2200229 n 4500
=001  22828807330003841
=003  TestILS
=004  991000962709703841
=005  20210520081217.78
=007  ta
=008  1405150u\\\\0\\\0001ba\\\0\\\\\\\\\\\\\\
=014  1\$a36145581$bOCoLC
=022  0\$a1092-2067
=035  \\$a(OCoLC)36145581
=035  \\$a(TestILS)c13404313-01asu_inst
=245  00$aCurrent thinking and research in brief therapy.
=561  \\$aTESTINST1
=561  \\$aUUS
=583  \\$acommitted to retain$c20140515$dDecember 31, 2035$fTESTPROGRAM$fTESTPROGRAM Gold$uhttp://localhost/services/testprogram/docs/TESTPROGRAMProgramStatement.pdf
=583  \\$acompleteness reviewed$c20140515$fTESTPROGRAM$fTESTPROGRAM Gold$iissue-level
=583  \\$acondition reviewed$c20140515$fTESTPROGRAM$fTESTPROGRAM Gold$iissue-level
=852  0\$aTESTINST1$bHDC$ctestprogram-trust
=866  30$80$a1(1997)-3(1999)

