=LDR  00681ny  a22002173n 4500
=001  22820141870003841
=003  TestILS
=004  991028932919703841
=005  20210520081218.20
=007  ta
=008  1206270u\\\\0\\\0001ba\\\0\\\\\\\\\\\\\\
=014  1\$a8741667$bOCoLC
=022  \\$a0734-4392
=035  \\$a(OCoLC)8741667
=035  \\$a(TestILS)c12807205-01asu_inst
=245  10$aAmerican music.
=561  \\$aTESTINST1
=561  \\$aUPP
=583  \\$acommitted to retain$c20120627$dDecember 31, 2035$fTESTPROGRAM$fTESTPROGRAM Silver$uhttp://localhost/services/testprogram/docs/TESTPROGRAMProgramStatement.pdf
=583  \\$acompleteness reviewed$c20120627$fTESTPROGRAM$fTESTPROGRAM Silver$ivolume-level
=852  0\$aTESTINST1$bHDC$ctestprogram-trust
=866  30$80$a1(1983)-23(2005)

