=LDR  00758ny  a22002173n 4500
=001  22834926320003841
=003  TestILS
=004  991011791949703841
=005  20210520081217.97
=007  ta
=008  1505270u\\\\0\\\0001ba\\\0\\\\\\\\\\\\\\
=014  1\$a1783456$bOCoLC
=022  0\$a0047-231X$l0047-231X$z0095-8670
=030  \\$aJSCTBN
=035  \\$a(OCoLC)1783456
=035  \\$a(TestILS)c13605872-01asu_inst
=245  00$aJournal of college science teaching.
=561  \\$aTESTINST1
=583  \\$acommitted to retain$c20150527$dDecember 31, 2035$fTESTPROGRAM$fTESTPROGRAM Silver$uhttp://localhost/services/testprogram/docs/TESTPROGRAMProgramStatement.pdf
=583  \\$acompleteness reviewed$c20150527$fTESTPROGRAM$fTESTPROGRAM Silver$ivolume-level$lmissing volumes$zmissing vols. 4-35
=852  0\$aTESTINST1$bHDC$ctestprogram-trust$hQ181.A1$iJ636x
=866  30$80$a1(1971)-3(1974)

