=LDR  00758    a2200229 n 4500
=001  22838680160003841
=003  TestILS
=004  991033885459703841
=005  20210520081218.00
=007  ta
=008  1305300u\\\\0\\\0001ba\\\0\\\\\\\\\\\\\\
=014  1\$a10979988$bOCoLC
=022  0\$a0748-6103
=022  0\$a0748-6103
=035  \\$a(OCoLC)10979988
=035  \\$a(TestILS)c13181701-01asu_inst
=245  00$aAdvances in the study of aggression.
=561  \\$aTESTINST1
=583  \\$acommitted to retain$c20130530$dDecember 31, 2035$fTESTPROGRAM$fTESTPROGRAM Gold$uhttp://localhost/services/testprogram/docs/TESTPROGRAMProgramStatement.pdf
=583  \\$acompleteness reviewed$c20130530$fTESTPROGRAM$fTESTPROGRAM Gold$iissue-level
=583  \\$acondition reviewed$c20130530$fTESTPROGRAM$fTESTPROGRAM Gold$iissue-level
=852  0\$aTESTINST1$bHDC$ctestprogram-trust
=866  30$80$a1(1984)-2(1986)

