=LDR  00729nx  a22001931n 4500
=003  TestILS
=004  991030556919703841
=007  ta
=001  221134372800003841
=008  1912315u\\\\0\\\0000ba\\\0\\\\\\
=005  20210520081217.46
=022  \\$a0265-4644
=035  \\$a(OCoLC)8876375
=245  10$aProjects review /$cthe Architectural Association.
=583  \\$acommitted to retain$c20191231$dDecember 31, 2035$fTESTPROGRAM$fTESTPROGRAM Gold$uhttp://localhost/services/testprogram/docs/TESTPROGRAMProgramStatement.pdf
=583  \\$acompleteness reviewed$c20191231$fTESTPROGRAM$fTESTPROGRAM Gold$iissue level$lmissing issues$zmissing (1999/2000)-(2004/05)
=583  \\$acondition reviewed$c20191231$fTESTPROGRAM$fTESTPROGRAM Gold$iissue level
=561  \\$aTESTINST1
=852  0\$aTESTINST1$bHDC$ctestprogram-trust$hNA2310.G74$iA735x
=866  30$80$a(1981/82)-(1998/99), (2005/06)

