=LDR  00558    a2200181 n 4500
=001  22924284660003841
=003  TestILS
=004  991020879589703841
=005  20210520081217.86
=007  ta
=008  1306140u\\\\0\\\0001ba\\\0\\\\\\\\\\\\\\
=014  1\$a4948531$bOCoLC
=035  \\$a(OCoLC)4948531
=035  \\$a(TestILS)c13185822-01asu_inst
=245  10$aProceedings of the Annual Meeting of the American Catholic Philosophical Association.
=561  \\$aTESTINST1
=583  \\$acommitted to retain$c20130614$dDecember 31, 2035$fTESTPROGRAM$fTESTPROGRAM Bronze$uhttp://localhost/services/testprogram/docs/TESTPROGRAMProgramStatement.pdf
=852  0\$aTESTINST1$bHDC$ctestprogram-trust
=866  30$80$ano.5(1929), 10(1934)

