=LDR  00664ny  a22002053n 4500
=001  22821564510003841
=003  TestILS
=004  991044158359703841
=005  20210520081217.51
=007  ta
=008  1206140u\\\\0\\\0001ba\\\0\\\\\\\\\\\\\\
=014  1\$a40058087$bOCoLC
=022  0\$a1522-1067
=035  \\$a(OCoLC)40058087
=035  \\$a(TestILS)c12793310-01asu_inst
=245  10$aJournal of the Illinois State Historical Society.
=561  \\$aTESTINST1
=583  \\$acommitted to retain$c20120614$dDecember 31, 2035$fTESTPROGRAM$fTESTPROGRAM Silver$uhttp://localhost/services/testprogram/docs/TESTPROGRAMProgramStatement.pdf
=583  \\$acompleteness reviewed$c20120614$fTESTPROGRAM$fTESTPROGRAM Silver$ivolume-level
=852  0\$aTESTINST1$bHDC$ctestprogram-trust
=866  30$80$a91(1998)-98(2006)

