=LDR  00762nx  a22001931n 4500
=003  TestILS
=004  991016532109703841
=007  ta
=001  221049418250003841
=008  1801180u\\\\0\\\0000ba\\\0\\\\\\
=005  20210520081218.11
=022  \\$a0033-4448
=035  \\$a(OCoLC)3133058
=245  00$aPurchasing.
=583  \\$acommitted to retain$c20180118$dDecember 31, 2035$fTESTPROGRAM$fTESTPROGRAM Silver$uhttp://localhost/services/testprogram/docs/TESTPROGRAMProgramStatement.pdf
=583  \\$acompleteness reviewed$c20180118$fTESTPROGRAM$fTESTPROGRAM Silver$ivolume level$lmissing volumes$zmissing v.1-26; v.61:10-12; v.106:2,6; v.114:3,6-10; v.117
=561  \\$aTESTINST1
=852  0\$aTESTINST1$bHDC$ctestprogram-trust$hHF5001 .P8
=866  30$80$a27(1949)-116(1994), 118(1995)-137(2008)
=867  30$80$a110(1991), 122(1997)-126(1999), 130(2001)-134(2005)

