=LDR  00725nx  a22001931n 4500
=003  TestILS
=004  991011861029703841
=007  ta
=001  221153825710003841
=008  2103285u\\\\0\\\0000ba\\\0\\\\\\
=005  20210520081217.38
=022  \\$a0030-0179
=035  \\$a(OCoLC)2051376
=245  00$aOffice equipment & methods.
=583  \\$acommitted to retain$c20210328$d20351231$fTESTPROGRAM$fTESTPROGRAM Gold$uhttp://localhost/services/testprogram/docs/TESTPROGRAMProgramStatement.pdf
=583  \\$acompleteness reviewed$c20210328$fTESTPROGRAM$fTESTPROGRAM Gold$iissue level$lmissing issues$zmissing 1(1955)-10(1964), v.22:9(1976), v.36:3(1990)
=583  \\$acondition reviewed$c20210328$fTESTPROGRAM$fTESTPROGRAM Gold$iissue level
=561  \\$aTESTINST1
=852  0\$aTESTINST1$bHDC$ctestprogram-trust$hHF5548$i.O44
=866  30$80$a11(1965)-36(1990)

