=LDR  00757nx  a22002051n 4500
=003  TestILS
=004  991011571209703841
=007  ta
=001  221065849960003841
=008  1805040u\\\\0\\\0000ba\\\0\\\\\\
=005  20210520081218.06
=022  \\$a0032-082X
=035  \\$a(OCoLC)1587601
=245  00$aPlant engineering.
=583  \\$acommitted to retain$c20180504$dDecember 31, 2035$fTESTPROGRAM$fTESTPROGRAM Silver$uhttp://localhost/services/testprogram/docs/TESTPROGRAMProgramStatement.pdf
=583  \\$acompleteness reviewed$c20180504$fTESTPROGRAM$fTESTPROGRAM Silver$ivolume level$lmissing volumes$zmissing v.1-13; v.29-44; v.48:6, 50:11, 52:3, 54:4,7,9
=561  \\$aTESTINST1
=852  0\$aTESTINST1$bHDC$ctestprogram-trust$hTS155 .A1 P53
=866  30$80$a14(1960)-28(1974), 45(1991)-59(2005)
=867  30$80$a46(1992)-54(2000)
=868  30$80$a(1968)-(1975)

