=LDR  00627ny  a22002053n 4500
=001  22961671490003841
=003  TestILS
=004  991001437329703841
=005  20210520081217.78
=007  ta
=008  1205140u\\\\0\\\0001ba\\\0\\\\\\\\\\\\\\
=014  1\$a3764075$bOCoLC
=022  0\$a0161-696X$l0161-696X
=030  \\$aTAOODK
=035  \\$a(OCoLC)3764075
=035  \\$a(TestILS)c12692190-01asu_inst
=245  10$aTransactions.$pSection on Otolaryngology.
=561  \\$aTESTINST1
=583  \\$acommitted to retain$c20120514$dDecember 31, 2035$fTESTPROGRAM$fTESTPROGRAM Bronze$uhttp://localhost/services/testprogram/docs/TESTPROGRAMProgramStatement.pdf
=852  0\$aTESTINST1$bHDC$ctestprogram-trust$hRE1$i.A4x
=866  30$80$a80(1975), 82(1976)

