=LDR  00741    a2200217 n 4500
=001  22821766130003841
=003  TestILS
=004  991011550479703841
=005  20210520081218.04
=007  ta
=008  1505270u\\\\0\\\0001ba\\\0\\\\\\\\\\\\\\
=014  1\$a1568242$bOCoLC
=022  \\$a0071-1373
=035  \\$a(OCoLC)1568242
=035  \\$a(TestILS)c13606025-01asu_inst
=245  00$aEssays in chemistry.
=561  \\$aTESTINST1
=583  \\$acommitted to retain$c20150527$dDecember 31, 2035$fTESTPROGRAM$fTESTPROGRAM Gold$uhttp://localhost/services/testprogram/docs/TESTPROGRAMProgramStatement.pdf
=583  \\$acompleteness reviewed$c20150527$fTESTPROGRAM$fTESTPROGRAM Gold$iissue-level
=583  \\$acondition reviewed$c20150527$fTESTPROGRAM$fTESTPROGRAM Gold$iissue-level
=852  0\$aTESTINST1$bHDC$ctestprogram-trust$hQD1$i.E88
=866  30$80$a1(1970)-7(1977)

