=LDR  00661nx  a22001811n 4500
=003  TestILS
=004  991011811349703841
=007  ta
=001  221106358590003841
=008  1905090u\\\\0\\\0000ba\\\0\\\\\\
=005  20210520081217.74
=022  \\$a0010-7360
=035  \\$a(OCoLC)1789258
=245  00$aContainer news.
=583  \\$acommitted to retain$c20190509$dDecember 31, 2035$fTESTPROGRAM$fTESTPROGRAM Silver$uhttp://localhost/services/testprogram/docs/TESTPROGRAMProgramStatement.pdf
=583  \\$acompleteness reviewed$c20190509$fTESTPROGRAM$fTESTPROGRAM Silver$ivolume level$lmissing volumes$zmissing v. 1(1966)-3(1968), 9:7(1974)-29:6(1994)
=561  \\$aTESTINST1
=852  0\$aTESTINST1$bHDC$ctestprogram-trust$hTA1215$i.C5934
=866  30$80$a4(1969)-9(1974)

