=LDR  00692nx  a22002051n 4500
=003  TestILS
=004  991033909949703841
=007  ta
=001  221147858610003841
=008  2006305u\\\\0\\\0000ba\\\0\\\\\\
=005  20210520081218.01
=022  \\$a0000-0809
=035  \\$a(OCoLC)11666933
=245  00$aBusiness mini/micro software directory /$ccompiled by Information Sources, Inc.
=583  \\$acommitted to retain$c20200630$dDecember 31, 2035$fTESTPROGRAM$fTESTPROGRAM Gold$uhttp://localhost/services/testprogram/docs/TESTPROGRAMProgramStatement.pdf
=583  \\$acompleteness reviewed$c20200630$fTESTPROGRAM$fTESTPROGRAM Gold$iissue level
=583  \\$acondition reviewed$c20200630$fTESTPROGRAM$fTESTPROGRAM Gold$iissue level
=561  \\$aTESTINST1
=852  0\$aTESTINST1$bHDC$ctestprogram-trust$hHF5548.125$i.B87x
=866  30$80$a(1984)-(1985)
=867  30$80$a(1985)

