=LDR  00641nx  a22001811n 4500
=003  TestILS
=004  991011781729703841
=007  ta
=001  221066549300003841
=008  1805140u\\\\0\\\0000ba\\\0\\\\\\
=005  20210520081217.97
=022  \\$a0161-6463
=035  \\$a(OCoLC)1781938
=245  00$aAmerican Indian culture and research journal.
=583  \\$acommitted to retain$c20180514$dDecember 31, 2035$fTESTPROGRAM$fTESTPROGRAM Silver$uhttp://localhost/services/testprogram/docs/TESTPROGRAMProgramStatement.pdf
=583  \\$acompleteness reviewed$c20180514$fTESTPROGRAM$fTESTPROGRAM Silver$ivolume level$lmissing volumes$zmissing v.18
=561  \\$aTESTINST1
=852  0\$aTESTINST1$bHDC$ctestprogram-trust$hE75 .A4124
=866  30$80$a1(1974)-17(1993), 19(1995)-29(2005)

