=LDR  00705ny  a22002173n 4500
=001  22932396310003841
=003  TestILS
=004  991032318549703841
=005  20210520081218.04
=007  ta
=008  1306030u\\\\0\\\0001ba\\\0\\\\\\\\\\\\\\
=014  1\$a10212254$bOCoLC
=022  0\$a0741-9457$l0741-9457
=035  \\$a(OCoLC)10212254
=035  \\$a(TestILS)c13182560-01asu_inst
=245  00$aYale journal on regulation.
=561  \\$aTESTINST1
=561  \\$aAZC
=583  \\$acommitted to retain$c20130603$dDecember 31, 2035$fTESTPROGRAM$fTESTPROGRAM Silver$uhttp://localhost/services/testprogram/docs/TESTPROGRAMProgramStatement.pdf
=583  \\$acompleteness reviewed$c20130603$fTESTPROGRAM$fTESTPROGRAM Silver$ivolume-level
=852  0\$aTESTINST1$bHDC$ctestprogram-trust$hK29$i.A37
=866  30$80$a1(1983)-22(2005)

