=LDR  00638nx  a22001811n 4500
=003  TestILS
=004  991047734619703841
=007  ta
=001  221157892050003841
=008  2012070u\\\\0\\\0000ba\\\0\\\\\\
=005  20210520081217.40
=022  \\$a1442-3901
=035  \\$a(OCoLC)45119531
=245  00$aMathematics teacher education & development :$bmted.
=583  \\$acommitted to retain$c20201207$dDecember 31, 2035$fTESTPROGRAM$fTESTPROGRAM Silver$uhttp://localhost/services/testprogram/docs/TESTPROGRAMProgramStatement.pdf
=583  \\$acompleteness reviewed$c20201207$fTESTPROGRAM$fTESTPROGRAM Silver$ivolume level$lmissing volumes$zmissing v.1(1999)-3(2001)
=561  \\$aTESTINST1
=852  0\$aTESTINST1$bHDC$ctestprogram-trust$hQA11.A1$iM33
=866  30$80$a4(2002)-16(2014)

