=LDR  00838ny  a22002293n 4500
=001  22822348070003841
=003  TestILS
=004  991042420619703841
=005  20210520081217.50
=007  ta
=008  1206140u\\\\0\\\0001ba\\\0\\\\\\\\\\\\\\
=014  1\$a20938824$bOCoLC
=022  \\$a0995-6794
=035  \\$a(OCoLC)20938824
=035  \\$a(TestILS)c12793097-01asu_inst
=245  00$aTravaux de littérature :$bT.L.
=561  \\$aTESTINST1
=561  \\$aAZU
=583  \\$acommitted to retain$c20120614$dDecember 31, 2035$fTESTPROGRAM$fTESTPROGRAM Gold$uhttp://localhost/services/testprogram/docs/TESTPROGRAMProgramStatement.pdf
=583  \\$acompleteness reviewed$c20120614$fTESTPROGRAM$fTESTPROGRAM Gold$iissue-level$lbinding patterns vary$zfor vols. 1-2, 5-6, 8-9 two volumes together as single piece
=583  \\$acondition reviewed$c20120614$fTESTPROGRAM$fTESTPROGRAM Gold$iissue-level
=852  0\$aTESTINST1$bHDC$ctestprogram-trust
=866  30$80$a1(1988)-18(2005)

