=LDR  00729nx  a22001931n 4500
=003  TestILS
=004  991018826279703841
=007  ta
=001  221155099590003841
=008  2104185u\\\\0\\\0000ba\\\0\\\\\\
=005  20210520081217.64
=022  \\$a0164-4742
=035  \\$a(OCoLC)3594017
=245  00$aWords.
=583  \\$acommitted to retain$c20210418$d20351231$fTESTPROGRAM$fTESTPROGRAM Gold$uhttp://localhost/services/testprogram/docs/TESTPROGRAMProgramStatement.pdf
=583  \\$acompleteness reviewed$c20210418$fTESTPROGRAM$fTESTPROGRAM Gold$iissue level$lmissing issues$zmissing v.1(1972)-6(1977), v.7:3(1978/79), v.9:2(1980)
=583  \\$acondition reviewed$c20210418$fTESTPROGRAM$fTESTPROGRAM Gold$iissue level
=561  \\$aTESTINST1
=852  0\$aTESTINST1$bHDC$ctestprogram-trust$hHF5548.2$i.W67x
=866  30$80$a7(1978)-16(1988)

