=LDR  01096    a2200217 n 4500
=001  22963170990003841
=003  TestILS
=004  991005908539703841
=005  20210520081218.17
=007  ta
=008  1505060u\\\\0\\\0001ba\\\0\\\\\\\\\\\\\\
=014  1\$a852007$bOCoLC
=022  \\$a0043-6364
=035  \\$a(OCoLC)852007
=035  \\$a(TestILS)c13597504-01asu_inst
=245  04$aThe Wisconsin archeologist.
=561  \\$aTESTINST1
=583  \\$acommitted to retain$c20150506$dDecember 31, 2035$fTESTPROGRAM$fTESTPROGRAM Gold$uhttp://localhost/services/testprogram/docs/TESTPROGRAMProgramStatement.pdf
=583  \\$acompleteness reviewed$c20150506$fTESTPROGRAM$fTESTPROGRAM Gold$iissue-level$lmissing volumes$zmissing vol. 1-4, 13-19, n.s. 75$lmissing issues$zmissing v. 5 issues 1-2; v.6 issues 1-3; v.7 issue 1; v.8 issue 1-3; n.s.v.38 issue 3; v.39 issue 1-3; v.40 issue 1-2,4; v.41 issue 1-2; v.42 issue 1; v.46 issue 1; v.47 issue 2; v.48 issue 2; v.58 issue 1
=583  \\$acondition reviewed$c20150506$fTESTPROGRAM$fTESTPROGRAM Gold$iissue-level$lloose pages$zloose pages n.s.v.1-10
=852  0\$aTESTINST1$bHDC$ctestprogram-trust
=866  30$80$a5(1905)-12(1913), 20(1920/1921); n.s.1(1922)-74(1993), 76(1995)-86(2005)

