=LDR  00723nx  a22001811n 4500
=003  TestILS
=004  991004838029703841
=007  ta
=001  221130088410003841
=008  1910315u\\\\0\\\0000ba\\\0\\\\\\
=005  20210520081218.09
=035  \\$a(OCoLC)23158072
=245  00$aSituación de los derechos humanos en Venezuela :$buna publicación del Programa Venezolano de Educación-Acción en Derechos Humanos.
=583  \\$acommitted to retain$c20191031$dDecember 31, 2035$fTESTPROGRAM$fTESTPROGRAM Gold$uhttp://localhost/services/testprogram/docs/TESTPROGRAMProgramStatement.pdf
=583  \\$acompleteness reviewed$c20191031$fTESTPROGRAM$fTESTPROGRAM Gold$iissue level
=583  \\$acondition reviewed$c20191031$fTESTPROGRAM$fTESTPROGRAM Gold$iissue level
=561  \\$aTESTINST1
=852  0\$aTESTINST1$bHDC$ctestprogram-trust$hJC599.V4$iS58
=866  30$80$a(1988/1989), (1992/1993), (1994/1995)-(1996/1997), (1998/1999)-(2002/2003), (2004/2005), (2007/2008)

