=LDR  00659ny  a22002053n 4500
=001  22961083940003841
=003  TestILS
=004  991005905099703841
=005  20210520081218.16
=007  ta
=008  1306120u\\\\0\\\0001ba\\\0\\\\\\\\\\\\\\
=014  1\$a822603$bOCoLC
=022  \\$a0068-5895
=035  \\$a(OCoLC)822603
=035  \\$a(TestILS)c13185020-01asu_inst
=245  00$aCalifornia studies in classical antiquity.
=561  \\$aTESTINST1
=583  \\$acommitted to retain$c20130612$dDecember 31, 2035$fTESTPROGRAM$fTESTPROGRAM Silver$uhttp://localhost/services/testprogram/docs/TESTPROGRAMProgramStatement.pdf
=583  \\$acompleteness reviewed$c20130612$fTESTPROGRAM$fTESTPROGRAM Silver$ivolume-level
=852  0\$aTESTINST1$bHDC$ctestprogram-trust
=866  30$80$a1(1968)-12(1981)

