=LDR  00655nx  a22001931n 4500
=003  TestILS
=004  991003977829703841
=007  ta
=001  221171327070003841
=008  2105160u\\\\0\\\0000ba\\\0\\\\\\
=005  20210520081218.09
=022  \\$a1089-5299
=035  \\$a(OCoLC)35027006
=245  00$aNCAA basketball.$pThe official ... women's college basketball records book.
=583  \\$acommitted to retain$c20210514$d20351231$fTESTPROGRAM$fTESTPROGRAM Gold$uhttp://localhost/services/testprogram/docs/TESTPROGRAMProgramStatement.pdf
=583  \\$acompleteness reviewed$c20210514$fTESTPROGRAM$fTESTPROGRAM Gold$iissue level
=583  \\$acondition reviewed$c20210514$fTESTPROGRAM$fTESTPROGRAM Gold$iissue level
=561  \\$aTESTINST1
=852  0\$aTESTINST1$bHDC$ctestprogram-trust$hGV886.45$i.N42x
=866  30$80$a(1997)-(1998)

