=LDR  00816    a2200217 n 4500
=001  22934380550003841
=003  TestILS
=004  991028922259703841
=005  20210520081218.20
=007  ta
=008  1404160u\\\\0\\\0001ba\\\0\\\\\\\\\\\\\\
=014  1\$a8603974$bOCoLC
=022  1\$a0738-3789$l0738-3789
=035  \\$a(OCoLC)8603974
=035  \\$a(TestILS)c13402080-01asu_inst
=245  00$aFood service marketing for independent operators.
=561  \\$aTESTINST1
=583  \\$acommitted to retain$c20140416$dDecember 31, 2035$fTESTPROGRAM$fTESTPROGRAM Gold$uhttp://localhost/services/testprogram/docs/TESTPROGRAMProgramStatement.pdf
=583  \\$acompleteness reviewed$c20140416$fTESTPROGRAM$fTESTPROGRAM Gold$iissue-level$lmissing pages$zmissing pages vol. 44 issue 4
=583  \\$acondition reviewed$c20140416$fTESTPROGRAM$fTESTPROGRAM Gold$iissue-level
=852  0\$aTESTINST1$bHDC$ctestprogram-trust$hHD9999.R54$iF6
=866  30$80$a44, no. 3 - 44, no. 11(1982)

