=LDR  00849    a2200229 n 4500
=001  22882362910003841
=003  TestILS
=004  991009143609703841
=005  20210520081217.96
=007  ta
=008  1405150u\\\\0\\\0001ba\\\0\\\\\\\\\\\\\\
=014  1\$a1566138$bOCoLC
=022  0\$a0416-9441$l0416-9441
=035  \\$a(OCoLC)1566138
=035  \\$a(TestILS)c13501616-01asu_inst
=245  10$aDemocratic digest.
=561  \\$aAZU
=561  \\$aIYU
=583  \\$acommitted to retain$c20140515$dDecember 31, 2035$fTESTPROGRAM$fTESTPROGRAM Gold$uhttp://localhost/services/testprogram/docs/TESTPROGRAMProgramStatement.pdf
=583  \\$acompleteness reviewed$c20140515$fTESTPROGRAM$fTESTPROGRAM Gold$iissue-level$lmissing volumes$zmissing vol. 1-3
=583  \\$acondition reviewed$c20140515$fTESTPROGRAM$fTESTPROGRAM Gold$iissue-level$lmissing cover$zvol. 8:1 missing cover
=852  0\$aTESTINST1$bHDC$ctestprogram-trust$hJK2311$i.D34
=866  30$80$a4(1956)-8(1961)

