=LDR  00718ny  a22001933n 4500
=001  22859450670003841
=003  TestILS
=004  991011884339703841
=005  20210520081217.66
=007  ta
=008  1306100u\\\\0\\\0001ba\\\0\\\\\\\\\\\\\\
=014  1\$a2194935$bOCoLC
=035  \\$a(OCoLC)2194935
=035  \\$a(TestILS)c13184106-01asu_inst
=245  18$aThe ... yearbook of the National Council on Measurements Used in Education.
=561  \\$aTESTINST1
=583  \\$acommitted to retain$c20130610$dDecember 31, 2035$fTESTPROGRAM$fTESTPROGRAM Silver$uhttp://localhost/services/testprogram/docs/TESTPROGRAMProgramStatement.pdf
=583  \\$acompleteness reviewed$c20130610$fTESTPROGRAM$fTESTPROGRAM Silver$ivolume-level$lmissing volumes$zmissing vols. 9, 11-13, 15
=852  0\$aTESTINST1$bHDC$ctestprogram-trust
=866  30$80$a2(1942)-8(1951), 10(1953), 14(1957), 16(1959)-17(1960)

