=LDR  00794nx  a22001931n 4500
=003  TestILS
=004  991011925269703841
=007  ta
=001  221145008990003841
=008  2005315u\\\\0\\\0000ba\\\0\\\\\\
=005  20210520081217.90
=022  \\$a0571-7795
=035  \\$a(OCoLC)2257941
=245  14$aThe Atlantic papers.
=583  \\$acommitted to retain$c20200531$dDecember 31, 2035$fTESTPROGRAM$fTESTPROGRAM Gold$uhttp://localhost/services/testprogram/docs/TESTPROGRAMProgramStatement.pdf
=583  \\$acompleteness reviewed$c20200511$fTESTPROGRAM$fTESTPROGRAM Gold$iissue level$lmissing issues$zmissing no.39$lbinding pattern varies$zno. 66 never published
=583  \\$acondition reviewed$c20200531$fTESTPROGRAM$fTESTPROGRAM Gold$iissue level
=561  \\$aTESTINST1
=852  0\$aTESTINST1$bHDC$ctestprogram-trust$hJX1395$i.A8
=866  30$80$a(1969)-(1976); n.s. no.34(1977)-38(1979), 40(1980)-65(1987), 67(1988)

