=LDR  00735ny  a22001933n 4500
=001  22921770770003841
=003  TestILS
=004  991011634629703841
=005  20210520081217.60
=007  ta
=008  1205020u\\\\0\\\0001ba\\\0\\\\\\\\\\\\\\
=014  1\$a1658100$bOCoLC
=022  0\$a0096-8994
=035  \\$a(OCoLC)1658100
=035  \\$a(TestILS)c12689427-01asu_inst
=245  10$aAmerican journal of diseases of children.
=561  \\$aTESTINST1
=583  \\$acommitted to retain$c20120502$dDecember 31, 2035$fTESTPROGRAM$fTESTPROGRAM Bronze$uhttp://localhost/services/testprogram/docs/TESTPROGRAMProgramStatement.pdf
=852  0\$aTESTINST1$bHDC$ctestprogram-trust
=866  30$80$a1-2(1911), 9(1915)-11(1916), 13(1917), 15(1918), 17(1919), 20(1920)-22(1922), 30(1925)-38(1929), 41(1931)-43(1932), 45(1933)-48(1934), 51(1936)-53(1937), 55(1938)-90(1955)

