=LDR  00827    a2200229 n 4500
=001  22877868560003841
=003  TestILS
=004  991011904039703841
=005  20210520081217.88
=007  ta
=008  1505050u\\\\0\\\0001ba\\\0\\\\\\\\\\\\\\
=014  1\$a2244309$bOCoLC
=022  \\$a0360-2206$l0360-2206
=030  \\$aBALKFZ
=035  \\$a(OCoLC)2244309
=035  \\$a(TestILS)c13597097-01asu_inst
=245  00$aBalkanistica.
=561  \\$aTESTINST1
=583  \\$acommitted to retain$c20150505$dDecember 31, 2035$fTESTPROGRAM$fTESTPROGRAM Gold$uhttp://localhost/services/testprogram/docs/TESTPROGRAMProgramStatement.pdf
=583  \\$acompleteness reviewed$c20150505$fTESTPROGRAM$fTESTPROGRAM Gold$iissue-level$lmissing vol. 8-12
=583  \\$acondition reviewed$c20150505$fTESTPROGRAM$fTESTPROGRAM Gold$iissue-level
=852  0\$aTESTINST1$bHDC$ctestprogram-trust$hDR1$i.B34
=866  30$80$ano.1(1974)-6(1980); v.7(1982), 13(2000)-18(2005)

