=LDR  00632nx  a22001811n 4500
=003  TestILS
=004  991025130379703841
=007  ta
=001  221059122320003841
=008  1801235u\\\\0\\\0000ba\\\0\\\\\\
=005  20210520081217.42
=035  \\$a(OCoLC)6845320
=245  00$6880-01$aTamkang journal.$pLiberal arts and business =$bDanjiang xue bao. Wen xue yu shang xue bu men.
=583  \\$acommitted to retain$c20180423$dDecember 31, 2035$fTESTPROGRAM$fTESTPROGRAM Gold$uhttp://localhost/services/testprogram/docs/TESTPROGRAMProgramStatement.pdf
=583  \\$acompleteness reviewed$c20180423$fTESTPROGRAM$fTESTPROGRAM Gold$iissue level
=583  \\$acondition reviewed$c20180423$fTESTPROGRAM$fTESTPROGRAM Gold$iissue level
=561  \\$aTESTINST1
=852  0\$aTESTINST1$bHDC$ctestprogram-trust$hAS455 .A1 T347x
=866  30$80$a12(1974)

