=LDR  00663nx  a22001931n 4500
=003  TestILS
=004  991035497779703841
=007  ta
=001  221122167430003841
=008  1908165u\\\\0\\\0000ba\\\0\\\\\\
=005  20210520081218.02
=022  \\$a0884-3724
=035  \\$a(OCoLC)12365580
=245  00$aDun's consultants directory /$cDun's Marketing Services.
=583  \\$acommitted to retain$c20190823$dDecember 31, 2035$fTESTPROGRAM$fTESTPROGRAM Gold$uhttp://localhost/services/testprogram/docs/TESTPROGRAMProgramStatement.pdf
=583  \\$acompleteness reviewed$c20190823$fTESTPROGRAM$fTESTPROGRAM Gold$iissue level
=583  \\$acondition reviewed$c20190823$fTESTPROGRAM$fTESTPROGRAM Gold$iissue level
=561  \\$aTESTINST1
=852  0\$aTESTINST1$bHDC$ctestprogram-trust$hHD69 .C6$iD85x
=866  30$80$a(1993)-(1997)

