=LDR  00766    a2200229 n 4500
=001  22862425830003841
=003  TestILS
=004  991007520189703841
=005  20210520081217.49
=007  ta
=008  1704040u\\\\0\\\0001ba\\\0\\\\\\\\\\\\\\
=014  1\$a25821811$bOCoLC
=022  0\$a1062-967X
=035  \\$a(OCoLC)25821811
=035  \\$a(TestILS)c14100599-01asu_inst
=245  00$aScience and technology of building seals, sealants, glazing, and waterproofing.
=561  \\$aTESTINST1
=561  \\$aNTD
=583  \\$acommitted to retain$c20170404$dDecember 31, 2035$fTESTPROGRAM$fTESTPROGRAM Gold$uhttp://localhost/services/testprogram/docs/TESTPROGRAMProgramStatement.pdf
=583  \\$acompleteness reviewed$c20170404$fTESTPROGRAM$fTESTPROGRAM Gold$iissue-level
=583  \\$acondition reviewed$c20170404$fTESTPROGRAM$fTESTPROGRAM Gold$iissue-level
=852  0\$aTESTINST1$bHDC$ctestprogram-trust$hTH9031$i.S36
=866  30$80$a1(1992)-7(1998)

