=LDR  00604ny  a22002053n 4500
=001  22969733670003841
=003  TestILS
=004  991011468469703841
=005  20210520081217.67
=007  ta
=008  1205070u\\\\0\\\0001ba\\\0\\\\\\\\\\\\\\
=014  1\$a1479779$bOCoLC
=022  \\$a0096-946X
=030  \\$aAMDOA7
=035  \\$a(OCoLC)1479779
=035  \\$a(TestILS)c12691288-01asu_inst
=245  00$aAmerican documentation.
=561  \\$aTESTINST1
=583  \\$acommitted to retain$c20120507$dDecember 31, 2035$fTESTPROGRAM$fTESTPROGRAM Bronze$uhttp://localhost/services/testprogram/docs/TESTPROGRAMProgramStatement.pdf
=852  0\$aTESTINST1$bHDC$ctestprogram-trust
=866  30$80$a1(1950)-20(1969)

