=LDR  00581    a2200193 n 4500
=001  22826960810003841
=003  TestILS
=004  991011810569703841
=005  20210520081217.74
=007  ta
=008  1306140u\\\\0\\\0001ba\\\0\\\\\\\\\\\\\\
=014  1\$a1788812$bOCoLC
=022  \\$a0047-5688
=035  \\$a(OCoLC)1788812
=035  \\$a(TestILS)c13185986-01asu_inst
=245  00$aManagement education and development.
=561  \\$aTESTINST1
=583  \\$acommitted to retain$c20130614$dDecember 31, 2035$fTESTPROGRAM$fTESTPROGRAM Bronze$uhttp://localhost/services/testprogram/docs/TESTPROGRAMProgramStatement.pdf
=852  0\$aTESTINST1$bHDC$ctestprogram-trust
=866  30$80$a12(1981)-24(1993)

