=LDR  00651nx  a22001931n 4500
=003  TestILS
=004  991011445629703841
=007  ta
=001  221153821990003841
=008  2103085u\\\\0\\\0000ba\\\0\\\\\\
=005  20210520081217.71
=022  \\$a0017-4041
=035  \\$a(OCoLC)1414086
=245  14$aThe Greenfield Review.
=583  \\$acommitted to retain$c20210308$d20351231$fTESTPROGRAM$fTESTPROGRAM Gold$uhttp://localhost/services/testprogram/docs/TESTPROGRAMProgramStatement.pdf
=583  \\$acompleteness reviewed$c20210308$fTESTPROGRAM$fTESTPROGRAM Gold$iissue level
=583  \\$acondition reviewed$c20210308$fTESTPROGRAM$fTESTPROGRAM Gold$iissue level
=561  \\$aTESTINST1
=852  0\$aTESTINST1$bHDC$ctestprogram-trust$hAP2$i.G7x
=866  30$80$a1(1970)-14(1987)

