=LDR  00691nx  a22001931n 4500
=003  TestILS
=004  991028893669703841
=007  ta
=001  221135122710003841
=008  2001275u\\\\0\\\0000ba\\\0\\\\\\
=005  20210520081218.19
=022  \\$a1041-1003
=035  \\$a(OCoLC)8142407
=245  00$aEsso air world.
=583  \\$acommitted to retain$c20200127$dDecember 31, 2035$fTESTPROGRAM$fTESTPROGRAM Gold$uhttp://localhost/services/testprogram/docs/TESTPROGRAMProgramStatement.pdf
=583  \\$acompleteness reviewed$c20200127$fTESTPROGRAM$fTESTPROGRAM Gold$iissue level$zv.1(1947)-17(1964) missing
=583  \\$acondition reviewed$c20200127$fTESTPROGRAM$fTESTPROGRAM Gold$iissue level
=561  \\$aTESTINST1
=852  0\$aTESTINST1$bHDC$ctestprogram-trust$hTL501$i.E88
=866  30$80$a18(1965)-25(1974)

