=LDR  00741ny  a22002173n 4500
=001  22903424830003841
=003  TestILS
=004  991011632219703841
=005  20210520081217.60
=007  ta
=008  1206220u\\\\0\\\0001ba\\\0\\\\\\\\\\\\\\
=014  1\$a1645558$bOCoLC
=022  \\$a0026-2803
=035  \\$a(OCoLC)1645558
=035  \\$a(TestILS)c12806523-01asu_inst
=245  00$aMicropaleontology.
=561  \\$aTESTINST1
=561  \\$aWEA
=583  \\$acommitted to retain$c20120622$dDecember 31, 2035$fTESTPROGRAM$fTESTPROGRAM Silver$uhttp://localhost/services/testprogram/docs/TESTPROGRAMProgramStatement.pdf
=583  \\$acompleteness reviewed$c20120622$fTESTPROGRAM$fTESTPROGRAM Silver$ivolume-level$lbinding patterns vary$zfor vol. 48 issues bound separately
=852  0\$aTESTINST1$bHDC$ctestprogram-trust
=866  30$80$a1(1955)-51(2005)

