=LDR  00827    a2200229 n 4500
=001  22819211240003841
=003  TestILS
=004  991019992859703841
=005  20210520081217.82
=007  ta
=008  1705010u\\\\0\\\0001ba\\\0\\\\\\\\\\\\\\
=014  1\$a3850733$bOCoLC
=022  \\$a0335-2013
=035  \\$a(OCoLC)3850733
=035  \\$a(TestILS)c14123149-01asu_inst
=245  00$aRelations internationales.
=561  \\$aTESTINST1
=583  \\$acommitted to retain$c20170501$dDecember 31, 2035$fTESTPROGRAM$fTESTPROGRAM Gold$uhttp://localhost/services/testprogram/docs/TESTPROGRAMProgramStatement.pdf
=583  \\$acompleteness reviewed$c20170501$fTESTPROGRAM$fTESTPROGRAM Gold$iissue-level$lmissing issues$zmissing no.84-92
=583  \\$acondition reviewed$c20170501$fTESTPROGRAM$fTESTPROGRAM Gold$iissue-level
=852  0\$aTESTINST1$bHDC$ctestprogram-trust
=866  30$80$ano.1(1974)-83(1995), 93(1998)-124(2005)
=868  30$80$ano.1(1974)-76(1993)

