=LDR  00695    a2200205 n 4500
=001  22836755930003841
=003  TestILS
=004  991032293649703841
=005  20210520081218.02
=007  ta
=008  1704040u\\\\0\\\0001ba\\\0\\\\\\\\\\\\\\
=014  1\$a9892947$bOCoLC
=035  \\$a(OCoLC)9892947
=035  \\$a(TestILS)c14101105-01asu_inst
=245  00$aSolar energy.$pHeating and cooling.
=561  \\$aTESTINST1
=583  \\$acommitted to retain$c20170404$dDecember 31, 2035$fTESTPROGRAM$fTESTPROGRAM Gold$uhttp://localhost/services/testprogram/docs/TESTPROGRAMProgramStatement.pdf
=583  \\$acompleteness reviewed$c20170404$fTESTPROGRAM$fTESTPROGRAM Gold$iissue-level
=583  \\$acondition reviewed$c20170404$fTESTPROGRAM$fTESTPROGRAM Gold$iissue-level
=852  0\$aTESTINST1$bHDC$ctestprogram-trust
=866  30$80$a(1983)

