=LDR  00661nx  a22001931n 4500
=003  TestILS
=004  991025089609703841
=007  ta
=001  221041912330003841
=008  1709140u\\\\0\\\0001ba\\\0\\\\\\
=005  20210520081217.44
=022  \\$a0740-9869
=035  \\$a(OCoLC)6327690
=245  10$aConference record.
=583  \\$acommitted to retain$c20170914$dDecember 31, 2035$fTESTPROGRAM$fTESTPROGRAM Gold$uhttp://localhost/services/testprogram/docs/TESTPROGRAMProgramStatement.pdf
=583  \\$acompleteness reviewed$c20170914$fTESTPROGRAM$fTESTPROGRAM Gold$iissue-level
=583  \\$acondition reviewed$c20170914$fTESTPROGRAM$fTESTPROGRAM Gold$iissue-level
=561  \\$aTESTINST1
=852  0\$aTESTINST1$bHDC$ctestprogram-trust$hTN343 .M54a
=866  30$80$a1(1979)-4(1985)

