=LDR  00761    a2200217 n 4500
=001  22816766010003841
=003  TestILS
=004  991013746139703841
=005  20210520081217.63
=007  ta
=008  1405150u\\\\0\\\0001ba\\\0\\\\\\\\\\\\\\
=014  1\$a3440900$bOCoLC
=022  \\$a1015-843X$l1015-843X
=035  \\$a(OCoLC)3440900
=035  \\$a(TestILS)c1340507x-01asu_inst
=245  00$6880-01$aJin dai Zhongguo.
=561  \\$aAZU
=583  \\$acommitted to retain$c20140515$dDecember 31, 2035$fTESTPROGRAM$fTESTPROGRAM Gold$uhttp://localhost/services/testprogram/docs/TESTPROGRAMProgramStatement.pdf
=583  \\$acompleteness reviewed$c20140515$fTESTPROGRAM$fTESTPROGRAM Gold$iissue-level
=583  \\$acondition reviewed$c20140515$fTESTPROGRAM$fTESTPROGRAM Gold$iissue-level
=852  0\$aTESTINST1$bHDC$ctestprogram-trust$hDS799.A2$iC46
=866  30$80$ano.1(1977)-163(2005)

