=LDR  00667ny  a22002053n 4500
=001  22905882590003841
=003  TestILS
=004  991033254479703841
=005  20210520081218.04
=007  ta
=008  1605200u\\\\0\\\0001ba\\\0\\\\\\\\\\\\\\
=014  1\$a14987674$bOCoLC
=022  0\$a1949-4629
=035  \\$a(OCoLC)14987674
=035  \\$a(TestILS)c13794632-01asu_inst
=245  00$aOhio mycological bulletin.
=561  \\$aWAU
=583  \\$acommitted to retain$c20160520$dDecember 31, 2035$fTESTPROGRAM$fTESTPROGRAM Silver$uhttp://localhost/services/testprogram/docs/TESTPROGRAMProgramStatement.pdf
=583  \\$acompleteness reviewed$c20160520$fTESTPROGRAM$fTESTPROGRAM Silver$ivolume-level
=852  0\$aTESTINST1$bHDC$ctestprogram-trust$hQK600$i.M79
=866  30$80$a1(1903)

