=LDR  00762ny  a22002173n 4500
=001  22819218820003841
=003  TestILS
=004  991020849359703841
=005  20210520081217.85
=007  ta
=008  1705010u\\\\0\\\0001ba\\\0\\\\\\\\\\\\\\
=014  1\$a4631597$bOCoLC
=022  0\$a0031-9554
=035  \\$a(OCoLC)4631597
=035  \\$a(TestILS)c14124543-01asu_inst
=245  04$aThe Piano quarterly.
=561  \\$aTESTINST1
=583  \\$acommitted to retain$c20170501$dDecember 31, 2035$fTESTPROGRAM$fTESTPROGRAM Silver$uhttp://localhost/services/testprogram/docs/TESTPROGRAMProgramStatement.pdf
=583  \\$acompleteness reviewed$c20170501$fTESTPROGRAM$fTESTPROGRAM Silver$ivolume-level$lmissing volumes$zmissing no.25-26, 88-143
=852  0\$aTESTINST1$bHDC$ctestprogram-trust
=866  30$80$ano.27(1958)-87(1974), 144(1989)-159(1992)
=868  30$80$a(1952)-(1984)

