=LDR  00652nx  a22001931n 4500
=003  TestILS
=004  991024741979703841
=007  ta
=001  221169449050003841
=008  2105040u\\\\0\\\0000ba\\\0\\\\\\
=005  20210520081217.43
=022  \\$a0949-5231
=035  \\$a(OCoLC)41658286
=245  00$aBibliographie zur europäischen Dimension des Bildungswesens =$bBibliography on the European dimension of education /$cherausgeber, Deutsches Institut für Internationale Pädagogische Forschung in Zusammenarbeit mit Fachinformationssystem.
=583  \\$acommitted to retain$c20210504$d20351231$fTESTPROGRAM$fTESTPROGRAM Gold$uhttp://localhost/services/testprogram/docs/TESTPROGRAMProgramStatement.pdf
=583  \\$acompleteness reviewed$c20210504$fTESTPROGRAM$fTESTPROGRAM Gold$iissue level
=583  \\$acondition reviewed$c20210504$fTESTPROGRAM$fTESTPROGRAM Gold$iissue level
=561  \\$aTESTINST1
=852  0\$aTESTINST1$bHDC$ctestprogram-trust$hLA620$i.B53x
=866  30$80$a(1994)-(1995)

