=LDR  00748    a2200217 n 4500
=001  22818112940003841
=003  TestILS
=004  991009445699703841
=005  20210520081217.96
=007  ta
=008  1605090u\\\\0\\\0001ba\\\0\\\\\\\\\\\\\\
=014  1\$a37901388$bOCoLC
=022  \\$a1546-797X
=035  \\$a(OCoLC)37901388
=035  \\$a(TestILS)c13794139-01asu_inst
=245  00$aNorth Carolina archaeology.
=561  \\$aTESTINST1
=583  \\$acommitted to retain$c20160509$dDecember 31, 2035$fTESTPROGRAM$fTESTPROGRAM Gold$uhttp://localhost/services/testprogram/docs/TESTPROGRAMProgramStatement.pdf
=583  \\$acompleteness reviewed$c20160509$fTESTPROGRAM$fTESTPROGRAM Gold$iissue-level
=583  \\$acondition reviewed$c20160509$fTESTPROGRAM$fTESTPROGRAM Gold$iissue-level
=852  0\$aTESTINST1$bHDC$ctestprogram-trust$hE78.S55$iS6
=866  30$80$a46(1997)-55(2006)

