=LDR  00722nx  a22001811n 4500
=003  TestILS
=004  991020884529703841
=007  ta
=001  221133693270003841
=008  1912315u\\\\0\\\0000ba\\\0\\\\\\
=005  20210520081217.86
=035  \\$a(OCoLC)4991450
=245  10$aAnuarul Institutului de Istorie și Arheologie "A.D. Xenopol".
=583  \\$acommitted to retain$c20191231$dDecember 31, 2035$fTESTPROGRAM$fTESTPROGRAM Gold$uhttp://localhost/services/testprogram/docs/TESTPROGRAMProgramStatement.pdf
=583  \\$acompleteness reviewed$c20191231$fTESTPROGRAM$fTESTPROGRAM Gold$iissue level$lmissing issues$zmissing v.4(1967)-13(1976), 21(1984)-24(1987), 26(1989)
=583  \\$acondition reviewed$c20191231$fTESTPROGRAM$fTESTPROGRAM Gold$iissue level
=561  \\$aTESTINST1
=852  0\$aTESTINST1$bHDC$ctestprogram-trust$hDR201$i.A5368
=866  30$80$a14(1977)-20(1983), 25(1988)

