=LDR  00717nx  a22001931n 4500
=003  TestILS
=004  991000783019703841
=007  ta
=001  221171327100003841
=008  2105160u\\\\0\\\0000ba\\\0\\\\\\
=005  20210520081217.77
=022  \\$a1098-3880
=035  \\$a(OCoLC)17317210
=245  10$aAfrica.
=583  \\$acommitted to retain$c20210514$d20351231$fTESTPROGRAM$fTESTPROGRAM Gold$uhttp://localhost/services/testprogram/docs/TESTPROGRAMProgramStatement.pdf
=583  \\$acompleteness reviewed$c20210514$fTESTPROGRAM$fTESTPROGRAM Gold$iissue level$lmissing issues$zmissing v.1(1985)-4(1991), 7(1997) and after
=583  \\$acondition reviewed$c20210514$fTESTPROGRAM$fTESTPROGRAM Gold$iissue level
=561  \\$aTESTINST1
=852  0\$aTESTINST1$bHDC$ctestprogram-trust$hDT1$i.G56
=866  30$80$ano. 5(1993)-6(1995)

