=LDR  00708nx  a22001811n 4500
=003  TestILS
=004  991014215469703841
=007  ta
=001  221129425380003841
=008  1908165u\\\\0\\\0000ba\\\0\\\\\\
=005  20210520081218.15
=035  \\$a(OCoLC)2696557
=245  10$aPapers presented at the Soviet Affairs Symposium.
=583  \\$acommitted to retain$c20190923$dDecember 31, 2035$fTESTPROGRAM$fTESTPROGRAM Gold$uhttp://localhost/services/testprogram/docs/TESTPROGRAMProgramStatement.pdf
=583  \\$acompleteness reviewed$c20190923$fTESTPROGRAM$fTESTPROGRAM Gold$iissue level$lmissing issues$zmissing no.2(1968), no.10(1976)-no.11(1978)
=583  \\$acondition reviewed$c20190923$fTESTPROGRAM$fTESTPROGRAM Gold$iissue level
=561  \\$aTESTINST1
=852  0\$aTESTINST1$bHDC$ctestprogram-trust$hDK63.3.A2$iS6x
=866  30$80$a1(1967), 3(1969)-9(1975)

