=LDR  00723nx  a22001931n 4500
=003  TestILS
=004  991030567189703841
=007  ta
=001  221148379790003841
=008  2006305u\\\\0\\\0000ba\\\0\\\\\\
=005  20210520081217.47
=022  \\$a0577-3334
=035  \\$a(OCoLC)9045940
=245  00$aCerámica de cultura Maya et al.
=583  \\$acommitted to retain$c20200630$d20351231$fTESTPROGRAM$fTESTPROGRAM Gold$uhttp://localhost/services/testprogram/docs/TESTPROGRAMProgramStatement.pdf
=583  \\$acompleteness reviewed$c20200630$fTESTPROGRAM$fTESTPROGRAM Gold$iissue level$lbinding patterns vary$zissues no.4-5 bound with earlier title
=583  \\$acondition reviewed$c20200630$fTESTPROGRAM$fTESTPROGRAM Gold$iissue level
=561  \\$aTESTINST1
=852  0\$aTESTINST1$bHDC$ctestprogram-trust$hF1435.A2$iC43x
=866  30$80$ano. 4(1967)-18(1996)

