=LDR  00639nx  a22001811n 4500
=003  TestILS
=004  991011581089703841
=007  ta
=001  221157051030003841
=008  2011300u\\\\0\\\0000ba\\\0\\\\\\
=005  20210520081217.79
=022  \\$a0040-4896
=035  \\$a(OCoLC)1590326
=245  00$aTextile bulletin.
=583  \\$acommitted to retain$c20201130$dDecember 31, 2035$fTESTPROGRAM$fTESTPROGRAM Silver$uhttp://localhost/services/testprogram/docs/TESTPROGRAMProgramStatement.pdf
=583  \\$acompleteness reviewed$c20201130$fTESTPROGRAM$fTESTPROGRAM Silver$ivolume level$lmissing volumes$zmissing v.43(1934)-94(1968)
=561  \\$aTESTINST1
=852  0\$aTESTINST1$bHDC$ctestprogram-trust$hTS1300$i.S7
=866  30$80$a95(1969)-97(1971)

