=LDR  00779    a2200217 n 4500
=001  22962831270003841
=003  TestILS
=004  991011736549703841
=005  20210520081217.48
=007  ta
=008  1605010u\\\\0\\\0001ba\\\0\\\\\\\\\\\\\\
=014  1\$a1766191$bOCoLC
=022  0\$a0085-6525
=035  \\$a(OCoLC)1766191
=035  \\$a(TestILS)c13792623-01asu_inst
=245  00$aSouthern Indian studies.
=561  \\$aTESTINST1
=583  \\$acommitted to retain$c20160501$dDecember 31, 2035$fTESTPROGRAM$fTESTPROGRAM Gold$uhttp://localhost/services/testprogram/docs/TESTPROGRAMProgramStatement.pdf
=583  \\$acompleteness reviewed$c20160501$fTESTPROGRAM$fTESTPROGRAM Gold$iissue-level$lmissing issues$zmissing issue 1:1
=583  \\$acondition reviewed$c20160501$fTESTPROGRAM$fTESTPROGRAM Gold$iissue-level
=852  0\$aTESTINST1$bHDC$ctestprogram-trust$hE78.S55$iS6
=866  30$80$a1(1949)-45(1996)

