=LDR  00819    a2200241 n 4500
=001  22815590480003841
=003  TestILS
=004  991028913779703841
=005  20210520081218.20
=007  ta
=008  1605010u\\\\0\\\0001ba\\\0\\\\\\\\\\\\\\
=014  1\$a8442943$bOCoLC
=022  0\$a0253-6226
=030  \\$aABRYDX
=035  \\$a(OCoLC)8442943
=035  \\$a(TestILS)c13793196-01asu_inst
=245  00$aAdvances in bryology.
=561  \\$aTESTINST1
=561  \\$aORE
=583  \\$acommitted to retain$c20160501$dDecember 31, 2035$fTESTPROGRAM$fTESTPROGRAM Gold$uhttp://localhost/services/testprogram/docs/TESTPROGRAMProgramStatement.pdf
=583  \\$acompleteness reviewed$c20160501$fTESTPROGRAM$fTESTPROGRAM Gold$iissue-level$lmissing volumes$zmissing v.7
=583  \\$acondition reviewed$c20160501$fTESTPROGRAM$fTESTPROGRAM Gold$iissue-level
=852  0\$aTESTINST1$bHDC$ctestprogram-trust$hQK532.4$i.A38x
=866  30$80$a1(1981)-7(1997)

