=LDR  00973    a2200217 n 4500
=001  22924124810003841
=003  TestILS
=004  991011525909703841
=005  20210520081217.94
=007  ta
=008  1405150u\\\\0\\\0001ba\\\0\\\\\\\\\\\\\\
=014  1\$a1564153$bOCoLC
=022  \\$a0010-1745
=035  \\$a(OCoLC)1564153
=035  \\$a(TestILS)c13404180-01asu_inst
=245  00$aMineral industries bulletin.
=561  \\$aTESTINST1
=583  \\$acommitted to retain$c20140515$dDecember 31, 2035$fTESTPROGRAM$fTESTPROGRAM Gold$uhttp://localhost/services/testprogram/docs/TESTPROGRAMProgramStatement.pdf
=583  \\$acompleteness reviewed$c20140515$fTESTPROGRAM$fTESTPROGRAM Gold$iissue-level$lmissing issues$zmissing vol. 3 issues 5-6; vol. 4 issue 3; vol. 6 issues 1-2; vol. 10 issues 1-2,6; vol. 11 issue 2
=583  \\$acondition reviewed$c20140515$fTESTPROGRAM$fTESTPROGRAM Gold$iissue-level$ltight binding$zstring binding cuts off texts for vol. 4 issue 5;  vol.5 issue 1-3,6; vol. 6 issue 6; vol. 12 issue 3
=852  0\$aTESTINST1$bHDC$ctestprogram-trust
=866  30$80$a1(1958)-16, no. 4(1973)

