=LDR  00740nx  a22002051n 4500
=003  TestILS
=004  991011766679703841
=007  ta
=001  221067405190003841
=008  1805165u\\\\0\\\0000ba\\\0\\\\\\
=005  20210520081217.56
=022  \\$a0071-6480
=035  \\$a(OCoLC)1775369
=245  00$aFodor's guide to Japan and East Asia.
=583  \\$acommitted to retain$c20180523$dDecember 31, 2035$fTESTPROGRAM$fTESTPROGRAM Gold$uhttp://localhost/services/testprogram/docs/TESTPROGRAMProgramStatement.pdf
=583  \\$acompleteness reviewed$c20180523$fTESTPROGRAM$fTESTPROGRAM Gold$iissue level$lmissing volumes$zmissing 1962, 1964, 1966, 1968-1969
=583  \\$acondition reviewed$c20180523$fTESTPROGRAM$fTESTPROGRAM Gold$iissue level
=561  \\$aTESTINST1
=561  \\$aCUV
=852  0\$aTESTINST1$bHDC$ctestprogram-trust$hDS504 .F6
=866  30$80$a(1963), (1965), (1967)

