=LDR  00771    a2200217 n 4500
=001  22842954350003841
=003  TestILS
=004  991010162109703841
=005  20210520081217.96
=007  ta
=008  1605090u\\\\0\\\0001ba\\\0\\\\\\\\\\\\\\
=014  1\$a27722390$bOCoLC
=022  \\$a0103-9288
=035  \\$a(OCoLC)27722390
=035  \\$a(TestILS)c13793883-01asu_inst
=245  00$aBrasil em números /$cMinistério da Economia, Fazenda e Planejamento, Fundação Instituto Brasileiro de Geografia e Estatística--IBGE, Centro de Documentação e Disseminação de Informações--CDDI.
=561  \\$aTESTINST1
=583  \\$acommitted to retain$c20160509$dDecember 31, 2035$fTESTPROGRAM$fTESTPROGRAM Gold$uhttp://localhost/services/testprogram/docs/TESTPROGRAMProgramStatement.pdf
=583  \\$acompleteness reviewed$c20160509$fTESTPROGRAM$fTESTPROGRAM Gold$iissue-level$lmissing volumes$zmissing v.2-11, 13
=583  \\$acondition reviewed$c20160509$fTESTPROGRAM$fTESTPROGRAM Gold$iissue-level
=852  0\$aTESTINST1$bHDC$ctestprogram-trust
=866  30$80$a1(1992), 12(2004)

