=LDR  00679ny  a22002053n 4500
=001  22879301510003841
=003  TestILS
=004  991038142049703841
=005  20210520081217.54
=007  ta
=008  1305310u\\\\0\\\0001ba\\\0\\\\\\\\\\\\\\
=014  1\$a13846957$bOCoLC
=022  \\$a0889-3241
=035  \\$a(OCoLC)13846957
=035  \\$a(TestILS)c13181798-01asu_inst
=245  00$aACI structural journal.
=561  \\$aTESTINST1
=583  \\$acommitted to retain$c20130531$dDecember 31, 2035$fTESTPROGRAM$fTESTPROGRAM Silver$uhttp://localhost/services/testprogram/docs/TESTPROGRAMProgramStatement.pdf
=583  \\$acompleteness reviewed$c20130531$fTESTPROGRAM$fTESTPROGRAM Silver$ivolume-level
=852  0\$aTESTINST1$bHDC$ctestprogram-trust$hTA680$i.A516
=866  30$80$a84(1987)-102(2005)

