=LDR  00745ny  a22002053n 4500
=001  22886470000003841
=003  TestILS
=004  991018848549703841
=005  20210520081217.71
=007  ta
=008  1306120u\\\\0\\\0001ba\\\0\\\\\\\\\\\\\\
=014  1\$a3946108$bOCoLC
=022  0\$a0163-8548
=035  \\$a(OCoLC)3946108
=035  \\$a(TestILS)c13184829-01asu_inst
=245  00$aHuman studies.
=561  \\$aTESTINST1
=583  \\$acommitted to retain$c20130612$dDecember 31, 2035$fTESTPROGRAM$fTESTPROGRAM Silver$uhttp://localhost/services/testprogram/docs/TESTPROGRAMProgramStatement.pdf
=583  \\$acompleteness reviewed$c20130612$fTESTPROGRAM$fTESTPROGRAM Silver$ivolume-level$lbinding patterns vary$zfor vols. 14-15 two volumes bound as single piece
=852  0\$aTESTINST1$bHDC$ctestprogram-trust$hB1$i.H79
=866  30$80$a1(1978)-28(2005)

