=LDR  00643ny  a22001933n 4500
=001  22822638560003841
=003  TestILS
=004  991011780479703841
=005  20210520081217.57
=007  ta
=008  1205030u\\\\0\\\0001ba\\\0\\\\\\\\\\\\\\
=014  1\$a1781662$bOCoLC
=022  \\$a0003-9926
=035  \\$a(OCoLC)1781662
=035  \\$a(TestILS)c12690077-01asu_inst
=245  14$aThe archives of internal medicine.
=561  \\$aTESTINST1
=583  \\$acommitted to retain$c20120503$dDecember 31, 2035$fTESTPROGRAM$fTESTPROGRAM Bronze$uhttp://localhost/services/testprogram/docs/TESTPROGRAMProgramStatement.pdf
=852  0\$aTESTINST1$bHDC$ctestprogram-trust
=866  30$80$a57(1936)-60(1937), 63(1939)-107(1961), 112(1963)-132(1973), 161(2001)-165(2005)

