=LDR  00770ny  a22002053n 4500
=001  22881378790003841
=003  TestILS
=004  991011582439703841
=005  20210520081217.79
=007  ta
=008  1207100u\\\\0\\\0001ba\\\0\\\\\\\\\\\\\\
=014  1\$a1590720$bOCoLC
=022  0\$a0022-4189$l0022-4189
=035  \\$a(OCoLC)1590720
=035  \\$a(TestILS)c12809081-01asu_inst
=245  04$aThe journal of religion.
=561  \\$aTESTINST1
=583  \\$acommitted to retain$c20120710$dDecember 31, 2035$fTESTPROGRAM$fTESTPROGRAM Silver$uhttp://localhost/services/testprogram/docs/TESTPROGRAMProgramStatement.pdf
=583  \\$acompleteness reviewed$c20120710$fTESTPROGRAM$fTESTPROGRAM Silver$ivolume-level$lmissing volumes$zmissing vols. 1-20, 24-27, 54
=852  0\$aTESTINST1$bHDC$ctestprogram-trust$hBR1$i.J65
=866  30$80$a21(1941)-23(1943), 28(1948)-53(1973), 55(1975)-85(2005)

