=LDR  00756nx  a22001931n 4500
=003  TestILS
=004  991011912699703841
=007  ta
=001  221171327020003841
=008  2105160u\\\\0\\\0000ba\\\0\\\\\\
=005  20210520081217.89
=022  \\$a0317-2031
=035  \\$a(OCoLC)2247949
=245  00$aArts Victoria.
=583  \\$acommitted to retain$c20210514$d20351231$fTESTPROGRAM$fTESTPROGRAM Gold$uhttp://localhost/services/testprogram/docs/TESTPROGRAMProgramStatement.pdf
=583  \\$acompleteness reviewed$c20210514$fTESTPROGRAM$fTESTPROGRAM Gold$iissue level$lmissing issues$zmissing v.1(1975)-2(1976), v.3:2(1977)-4(1978), v.6:3(1981) and after
=583  \\$acondition reviewed$c20210514$fTESTPROGRAM$fTESTPROGRAM Gold$iissue level
=561  \\$aTESTINST1
=852  0\$aTESTINST1$bHDC$ctestprogram-trust$hN910.V52$iA7x
=866  30$80$a3, no.1(1977), 5(1979)-6(1980)

