=LDR  00744    a2200217 n 4500
=001  22842968850003841
=003  TestILS
=004  991035494929703841
=005  20210520081218.02
=007  ta
=008  1505220u\\\\0\\\0001ba\\\0\\\\\\\\\\\\\\
=014  1\$a12284616$bOCoLC
=022  0\$a1052-5351
=035  \\$a(OCoLC)12284616
=035  \\$a(TestILS)c1360482x-01asu_inst
=245  10$aProceedings of the ... Beltwide Cotton Production Conference.
=561  \\$aTESTINST1
=583  \\$acommitted to retain$c20150522$dDecember 31, 2035$fTESTPROGRAM$fTESTPROGRAM Gold$uhttp://localhost/services/testprogram/docs/TESTPROGRAMProgramStatement.pdf
=583  \\$acompleteness reviewed$c20150522$fTESTPROGRAM$fTESTPROGRAM Gold$iissue-level
=583  \\$acondition reviewed$c20150522$fTESTPROGRAM$fTESTPROGRAM Gold$iissue-level
=852  0\$aTESTINST1$bHDC$ctestprogram-trust$hSB245$i.B39x
=866  30$80$a(1985)-(1990)

