=LDR  00804ny  a22002173n 4500
=001  22938138790003841
=003  TestILS
=004  991011459949703841
=005  20210520081217.67
=007  ta
=008  1705080u\\\\0\\\0001ba\\\0\\\\\\\\\\\\\\
=014  1\$a1461285$bOCoLC
=022  \\$a1557-7414
=022  0\$a0001-8899
=035  \\$a(OCoLC)1461285
=035  \\$a(TestILS)c1414699x-01asu_inst
=245  00$aAdvertising age.
=561  \\$aTESTINST1
=583  \\$acommitted to retain$c20170508$dDecember 31, 2035$fTESTPROGRAM$fTESTPROGRAM Silver$uhttp://localhost/services/testprogram/docs/TESTPROGRAMProgramStatement.pdf
=583  \\$acompleteness reviewed$c20170508$fTESTPROGRAM$fTESTPROGRAM Silver$ivolume-level$lmissing volumes$zMissing v.28:1 Jan-Mar; v.29:2 Apr-Jun; v.35 Apr-Jun; v.36 Apr-Sep; v.37 Jan-Feb,jul-dec; v.38-76
=852  0\$aTESTINST1$bHDC$ctestprogram-trust
=866  30$80$a27(1956)-37(1966)

