=LDR  00667nx  a22001931n 4500
=003  TestILS
=004  991048185493603841
=007  ta
=001  221058386420003841
=008  1801235u\\\\0\\\0000ba\\\0\\\\\\
=005  20210520081217.40
=022  \\$a1082-1767
=035  \\$a(OCoLC)32181270
=245  00$aFinancial & operating results of retail stores in ... :$bFOR.
=583  \\$acommitted to retain$c20180323$dDecember 31, 2035$fTESTPROGRAM$fTESTPROGRAM Gold$uhttp://localhost/services/testprogram/docs/TESTPROGRAMProgramStatement.pdf
=583  \\$acompleteness reviewed$c20180323$fTESTPROGRAM$fTESTPROGRAM Gold$iissue level
=583  \\$acondition reviewed$c20180323$fTESTPROGRAM$fTESTPROGRAM Gold$iissue level
=561  \\$aTESTINST1
=852  0\$aTESTINST1$bHDC$ctestprogram-trust$hHF5465.U4$iF55
=866  30$80$a69(1994)-71(1996)

