=LDR  00673nx  a22001931n 4500
=003  TestILS
=004  991024789669703841
=007  ta
=001  221133694770003841
=008  1912315u\\\\0\\\0000ba\\\0\\\\\\
=005  20210520081217.43
=022  \\$a1067-7550
=035  \\$a(OCoLC)23198586
=245  00$aCredit union industry developments.
=583  \\$acommitted to retain$c20191231$dDecember 31, 2035$fTESTPROGRAM$fTESTPROGRAM Gold$uhttp://localhost/services/testprogram/docs/TESTPROGRAMProgramStatement.pdf
=583  \\$acompleteness reviewed$c20191231$fTESTPROGRAM$fTESTPROGRAM Gold$iissue level
=583  \\$acondition reviewed$c20191231$fTESTPROGRAM$fTESTPROGRAM Gold$iissue level
=561  \\$aTESTINST1
=852  0\$aTESTINST1$bHDC$ctestprogram-trust$hHG2037$i.C6525
=866  30$80$a(1995/1996)-(1996/1997)

