=LDR  00612nx  a22001691n 4500
=003  TestILS
=004  991025092859703841
=007  ta
=001  221157789440003841
=008  2012070u\\\\0\\\0000ba\\\0\\\\\\
=005  20210520081217.41
=035  \\$a(OCoLC)6371326
=245  00$aNEDA journal of Philippine development.
=583  \\$acommitted to retain$c20201207$dDecember 31, 2035$fTESTPROGRAM$fTESTPROGRAM Silver$uhttp://localhost/services/testprogram/docs/TESTPROGRAMProgramStatement.pdf
=583  \\$acompleteness reviewed$c20201207$fTESTPROGRAM$fTESTPROGRAM Silver$ivolume level$lmissing volumes$zmissing volumes v.3(1976)
=561  \\$aTESTINST1
=852  0\$aTESTINST1$bHDC$ctestprogram-trust$hHC451$i.A2897
=866  30$80$a4(1977)-20(1993)

