=LDR  00840ny  a22002293n 4500
=001  22953658160003841
=003  TestILS
=004  991011476939703841
=005  20210520081217.68
=007  ta
=008  1305310u\\\\0\\\0001ba\\\0\\\\\\\\\\\\\\
=014  1\$a1480974$bOCoLC
=022  \\$a0003-150X
=030  \\$aJAWWA5
=035  \\$a(OCoLC)1480974
=035  \\$a(TestILS)c13181816-01asu_inst
=245  00$aJournal of the American Water Works Association.
=561  \\$aTESTINST1
=561  \\$aWYU
=583  \\$acommitted to retain$c20130531$dDecember 31, 2035$fTESTPROGRAM$fTESTPROGRAM Silver$uhttp://localhost/services/testprogram/docs/TESTPROGRAMProgramStatement.pdf
=583  \\$acompleteness reviewed$c20130531$fTESTPROGRAM$fTESTPROGRAM Silver$ivolume-level$lmissing volumes$zmissing vols. 22 issues for Jan, Dec; vol.30 issues for Jun, Sep, Nov; vol. 35 issues for feb, mar, oct
=852  0\$aTESTINST1$bHDC$ctestprogram-trust$hTD201$i.A512
=866  30$80$a1(1914)-39(1947)

