=LDR  00559ny  a22001693n 4500
=003  TestILS
=004  991023174709703841
=005  20210520081217.77
=001  221098772050003841
=007  ta
=008  1901110u\\\\0\\\0001aa\\\0\\\\\\\\\\\\\8
=022  \\$a0962-9696
=035  \\$a(OCoLC)18398141
=245  00$aJewish historical studies :$btransactions of the Jewish Historical Society of England.
=561  \\$aTESTINST1
=583  \\$acommitted to retain$c20190116$dDecember 31, 2035$fTESTPROGRAM$fTESTPROGRAM Bronze$uhttp://localhost/services/testprogram/docs/TESTPROGRAMProgramStatement.pdf
=852  0\$aTESTINST1$bHDC$ctestprogram-trust$hDS135.E5$iA233x
=866  30$80$a30(1987-1988), 32(1990)-35(1998), 37(2001)-47(2015)

