=LDR  00712ny  a22002053n 4500
=001  22932201390003841
=003  TestILS
=004  991004844809703841
=005  20210520081218.09
=007  ta
=008  1605200u\\\\0\\\0001ba\\\0\\\\\\\\\\\\\\
=014  1\$a23348310$bOCoLC
=022  0\$a1056-6309
=035  \\$a(OCoLC)23348310
=035  \\$a(TestILS)c13831665-01asu_inst
=245  00$aHistoric preservation forum :$bthe journal of the National Trust for Historic Preservation.
=561  \\$aTESTINST1
=583  \\$acommitted to retain$c20160520$dDecember 31, 2035$fTESTPROGRAM$fTESTPROGRAM Silver$uhttp://localhost/services/testprogram/docs/TESTPROGRAMProgramStatement.pdf
=583  \\$acompleteness reviewed$c20160520$fTESTPROGRAM$fTESTPROGRAM Silver$ivolume-level$lmissing volumes$zmissing v.12:2-4; v.13:1
=852  0\$aTESTINST1$bHDC$ctestprogram-trust
=866  30$80$a5(1991)-13, no.2(1999)

