=LDR  00696nx  a22001931n 4500
=003  TestILS
=004  991032320929703841
=007  ta
=001  221164959080003841
=008  2104290u\\\\0\\\0000ba\\\0\\\\\\
=005  20210520081218.04
=022  \\$a0742-6186
=035  \\$a(OCoLC)10235929
=245  00$aAdvances in industrial and labor relations.
=583  \\$acommitted to retain$c20210429$d20351231$fTESTPROGRAM$fTESTPROGRAM Gold$uhttp://localhost/services/testprogram/docs/TESTPROGRAMProgramStatement.pdf
=583  \\$acompleteness reviewed$c20210429$fTESTPROGRAM$fTESTPROGRAM Gold$iissue level$lmissing issues$zv.17(2010) and after
=583  \\$acondition reviewed$c20210429$fTESTPROGRAM$fTESTPROGRAM Gold$iissue level
=561  \\$aTESTINST1
=852  0\$aTESTINST1$bHDC$ctestprogram-trust$hHD6958.5$i.A38x
=866  30$80$a1(1983)-16(2009)

