=LDR  00706nx  a22001931n 4500
=003  TestILS
=004  991014219909703841
=007  ta
=001  221044111040003841
=008  1701101u\\\\0\\\0001ba\\\0\\\\\\
=005  20210520081218.15
=022  \\$a0304-5374
=035  \\$a(OCoLC)2725462
=245  00$aComparative animal nutrition.
=583  \\$acommitted to retain$c20171101$dDecember 31, 2035$fTESTPROGRAM$fTESTPROGRAM Gold$uhttp://localhost/services/testprogram/docs/TESTPROGRAMProgramStatement.pdf
=583  \\$acompleteness reviewed$c20171101$fTESTPROGRAM$fTESTPROGRAM Gold$iissue-level$lmissing volumes$zmissing v.4
=583  \\$acondition reviewed$c20171101$fTESTPROGRAM$fTESTPROGRAM Gold$iissue-level
=561  \\$aTESTINST1
=852  0\$aTESTINST1$bHDC$ctestprogram-trust$hSF95 .C6x
=866  30$80$a1(1976)-3(1979), 5(1985)-6(1988)

