=LDR  00706ny  a22002053n 4500
=001  22887927500003841
=003  TestILS
=004  991011926439703841
=005  20210520081217.90
=007  ta
=008  1605200u\\\\0\\\0001ba\\\0\\\\\\\\\\\\\\
=014  1\$a2258868$bOCoLC
=022  \\$a0008-1035
=035  \\$a(OCoLC)2258868
=035  \\$a(TestILS)c13832189-01asu_inst
=245  00$aCalifornia English journal.
=561  \\$aTESTINST1
=583  \\$acommitted to retain$c20160520$dDecember 31, 2035$fTESTPROGRAM$fTESTPROGRAM Silver$uhttp://localhost/services/testprogram/docs/TESTPROGRAMProgramStatement.pdf
=583  \\$acompleteness reviewed$c20160520$fTESTPROGRAM$fTESTPROGRAM Silver$ivolume-level$llmissing volumes$zmissing v.1-7; v.8:1
=852  0\$aTESTINST1$bHDC$ctestprogram-trust
=866  30$80$a8(1972)-10,no.2(1974)

