=LDR  00582    a2200193 n 4500
=001  22831838020003841
=003  TestILS
=004  991040081109703841
=005  20210520081217.55
=007  ta
=008  1306140u\\\\0\\\0001ba\\\0\\\\\\\\\\\\\\
=014  1\$a16314947$bOCoLC
=022  \\$a0952-3367
=035  \\$a(OCoLC)16314947
=035  \\$a(TestILS)c13185883-01asu_inst
=245  04$aThe international journal of the history of sport.
=561  \\$aTESTINST1
=583  \\$acommitted to retain$c20130614$dDecember 31, 2035$fTESTPROGRAM$fTESTPROGRAM Bronze$uhttp://localhost/services/testprogram/docs/TESTPROGRAMProgramStatement.pdf
=852  0\$aTESTINST1$bHDC$ctestprogram-trust
=866  30$80$a3(1986)-22(2005)

