=LDR  00593ny  a22001933n 4500
=001  22900951940003841
=003  TestILS
=004  991011615439703841
=005  20210520081217.91
=007  ta
=008  1205010u\\\\0\\\0001ba\\\0\\\\\\\\\\\\\\
=014  1\$a1641307$bOCoLC
=022  0\$a0042-3114
=035  \\$a(OCoLC)1641307
=035  \\$a(TestILS)c12689075-01asu_inst
=245  00$aVehicle system dynamics.
=561  \\$aTESTINST1
=583  \\$acommitted to retain$c20120501$dDecember 31, 2035$fTESTPROGRAM$fTESTPROGRAM Bronze$uhttp://localhost/services/testprogram/docs/TESTPROGRAMProgramStatement.pdf
=852  0\$aTESTINST1$bHDC$ctestprogram-trust$hTL243$i.V35
=866  30$80$a1(1972)-24(1995)

