=LDR  00663nx  a22001931n 4500
=003  TestILS
=004  991048325699103841
=007  ta
=001  221104799260003841
=008  1805165u\\\\0\\\0000ba\\\0\\\\\\
=005  20210520081217.40
=022  \\$a0723-4392
=035  \\$a(OCoLC)1713879
=245  00$aForschungsberichte aus der Biologischen Station zu Plön.
=583  \\$acommitted to retain$c20180523$dDecember 31, 2035$fTESTPROGRAM$fTESTPROGRAM Gold$uhttp://localhost/services/testprogram/docs/TESTPROGRAMProgramStatement.pdf
=583  \\$acompleteness reviewed$c20180523$fTESTPROGRAM$fTESTPROGRAM Gold$iissue level
=583  \\$acondition reviewed$c20180523$fTESTPROGRAM$fTESTPROGRAM Gold$iissue level
=561  \\$aORE
=852  0\$aTESTINST1$bHDC$ctestprogram-trust$hQH301$i.A498
=866  30$80$a1(1893)-12(1905)

