=LDR  00792    a2200217 n 4500
=001  22833052910003841
=003  TestILS
=004  991008751269703841
=005  20210520081217.53
=007  ta
=008  1605200u\\\\0\\\0001ba\\\0\\\\\\\\\\\\\\
=014  1\$a1142787$bOCoLC
=022  0\$a0077-8915
=035  \\$a(OCoLC)1142787
=035  \\$a(TestILS)c13831781-01asu_inst
=245  00$aPapers of the New World Archaeological Foundation.
=561  \\$aTESTINST1
=583  \\$acommitted to retain$c20160520$dDecember 31, 2035$fTESTPROGRAM$fTESTPROGRAM Gold$uhttp://localhost/services/testprogram/docs/TESTPROGRAMProgramStatement.pdf
=583  \\$acompleteness reviewed$c20160520$fTESTPROGRAM$fTESTPROGRAM Gold$iissue-level$lmissing volumes$zmissing no.19, 23, 59, 64
=583  \\$acondition reviewed$c20160520$fTESTPROGRAM$fTESTPROGRAM Gold$iissue-level
=852  0\$aTESTINST1$bHDC$ctestprogram-trust$hF1219$i.N475
=866  30$80$ano.1(1959)-66(2002)

