=LDR  00696nx  a22001931n 4500
=003  TestILS
=004  991040659959703841
=007  ta
=001  221126308940003841
=008  1908165u\\\\0\\\0000ba\\\0\\\\\\
=005  20210520081217.55
=022  \\$a1874-8066
=035  \\$a(OCoLC)123904994
=245  00$aPrixdeRome.nl.
=583  \\$acommitted to retain$c20190823$dDecember 31, 2035$fTESTPROGRAM$fTESTPROGRAM Gold$uhttp://localhost/services/testprogram/docs/TESTPROGRAMProgramStatement.pdf
=583  \\$acompleteness reviewed$c20190823$fTESTPROGRAM$fTESTPROGRAM Gold$iissue level$lmissing issues$z2005, 2007-2009
=583  \\$acondition reviewed$c20190823$fTESTPROGRAM$fTESTPROGRAM Gold$iissue level
=561  \\$aTESTINST1
=852  0\$aTESTINST1$bHDC$ctestprogram-trust$hN396.N4$iP75
=866  30$80$a(2006), (2010)

