=LDR  00829    a2200241 n 4500
=001  22873028530003841
=003  TestILS
=004  991027408479703841
=005  20210520081217.81
=007  ta
=008  1412150u\\\\0\\\0001ba\\\0\\\\\\\\\\\\\\
=014  1\$a46833919$bOCoLC
=022  \\$a1610-1928$l1861-9959$y1436-7947
=030  \\$aAAACDB
=035  \\$a(OCoLC)46833919
=035  \\$a(TestILS)c13562277-01asu_inst
=245  00$aActa acustica united with Acustica.
=561  \\$aCIT
=583  \\$acommitted to retain$c20141215$dDecember 31, 2035$fTESTPROGRAM$fTESTPROGRAM Gold$uhttp://localhost/services/testprogram/docs/TESTPROGRAMProgramStatement.pdf
=583  \\$acompleteness reviewed$c20141215$fTESTPROGRAM$fTESTPROGRAM Gold$iissue-level
=583  \\$acondition reviewed$c20141215$fTESTPROGRAM$fTESTPROGRAM Gold$iissue-level
=852  0\$aTESTINST1$bHDC$ctestprogram-trust$hQC221$i.A52
=866  30$80$a87(2001)-90(2004)
=867  30$80$a88(2002)-89(2003)

