=LDR  00700nx  a22001931n 4500
=003  TestILS
=004  991045478489703841
=007  ta
=001  221041917600003841
=008  1709140u\\\\0\\\0000ba\\\0\\\\\\
=005  20210520081218.07
=022  \\$a0569-6704
=035  \\$a(OCoLC)34092436
=245  00$aSRDS circulation.
=583  \\$acommitted to retain$c20170829$dDecember 31, 2035$fTESTPROGRAM$fTESTPROGRAM Gold$uhttp://localhost/services/testprogram/docs/TESTPROGRAMProgramStatement.pdf
=583  \\$acompleteness reviewed$c20170829$fTESTPROGRAM$fTESTPROGRAM Gold$iissue-level$lmissing volumes$zmissing 1997
=583  \\$acondition reviewed$c20170829$fTESTPROGRAM$fTESTPROGRAM Gold$iissue-level
=561  \\$aTESTINST1
=852  0\$aTESTINST1$bHDC$ctestprogram-trust$hHF5905$i.A57
=866  30$80$a(1996), (1998)-(2015)

