=LDR  00631nx  a22001811n 4500
=003  TestILS
=004  991018836509703841
=007  ta
=001  221099529030003841
=008  1902050u\\\\0\\\0000ba\\\0\\\\\\
=005  20210520081217.71
=022  \\$a0010-6364
=035  \\$a(OCoLC)3790728
=245  00$aBoletín de antropología /$cUniversidad de Antioquia.
=583  \\$acommitted to retain$c20190205$dDecember 31, 2035$fTESTPROGRAM$fTESTPROGRAM Silver$uhttp://localhost/services/testprogram/docs/TESTPROGRAMProgramStatement.pdf
=583  \\$acompleteness reviewed$c20190205$fTESTPROGRAM$fTESTPROGRAM Silver$ivolume level$zno.11-16,26,36-50
=561  \\$aTESTINST1
=852  0\$aTESTINST1$bHDC$ctestprogram-trust$hGN2$i.M4
=866  30$80$ano.17(1983)-25(1995), 27(1997)-35(2004)

