=LDR  00691nx  a22001931n 4500
=003  TestILS
=004  991011720559703841
=007  ta
=001  221045779090003841
=008  1711150u\\\\0\\\0000ba\\\0\\\\\\
=005  20210520081217.88
=022  \\$a0096-4298
=035  \\$a(OCoLC)1762975
=245  00$aProgress in surface and membrane science.
=583  \\$acommitted to retain$c20171115$dDecember 31, 2035$fTESTPROGRAM$fTESTPROGRAM Gold$uhttp://localhost/services/testprogram/docs/TESTPROGRAMProgramStatement.pdf
=583  \\$acompleteness reviewed$c20171115$fTESTPROGRAM$fTESTPROGRAM Gold$iissue level
=583  \\$acondition reviewed$c20171115$fTESTPROGRAM$fTESTPROGRAM Gold$iissue level$lloose pages$zv.4 loose pages
=561  \\$aTESTINST1
=852  0\$aTESTINST1$bHDC$ctestprogram-trust$hQD506 .R38
=866  30$80$a4(1971)-14(1981)

