=LDR  00762    a2200205 n 4500
=001  22930850210003841
=003  TestILS
=004  991012185959703841
=005  20210520081217.62
=007  ta
=008  1405080u\\\\0\\\0001ba\\\0\\\\\\\\\\\\\\
=014  1\$a30754694$bOCoLC
=035  \\$a(OCoLC)30754694
=035  \\$a(TestILS)c13403552-01asu_inst
=245  00$aSheldon's major stores & chains & resident buying offices.
=561  \\$aTESTINST1
=583  \\$acommitted to retain$c20140508$dDecember 31, 2035$fTESTPROGRAM$fTESTPROGRAM Gold$uhttp://localhost/services/testprogram/docs/TESTPROGRAMProgramStatement.pdf
=583  \\$acompleteness reviewed$c20140508$fTESTPROGRAM$fTESTPROGRAM Gold$iissue-level$lmissing volumes$zmissing no.116
=583  \\$acondition reviewed$c20140508$fTESTPROGRAM$fTESTPROGRAM Gold$iissue-level
=852  0\$aTESTINST1$bHDC$ctestprogram-trust$hHF5429.3$i.S52
=866  30$80$ano.110(1994)-115(2000)

