=LDR  00895    a2200229 n 4500
=001  22921074530003841
=003  TestILS
=004  991011658249703841
=005  20210520081217.61
=007  ta
=008  1605090u\\\\0\\\0001ba\\\0\\\\\\\\\\\\\\
=014  1\$a1715840$bOCoLC
=022  \\$a0033-3077
=035  \\$a(OCoLC)1715840
=035  \\$a(TestILS)c13794176-01asu_inst
=245  10$aPsychology.
=561  \\$aTESTINST1
=561  \\$aCPE
=583  \\$acommitted to retain$c20160509$dDecember 31, 2035$fTESTPROGRAM$fTESTPROGRAM Gold$uhttp://localhost/services/testprogram/docs/TESTPROGRAMProgramStatement.pdf
=583  \\$acompleteness reviewed$c20160509$fTESTPROGRAM$fTESTPROGRAM Gold$iissue-level$lmissing volumes$zmissing v.8-9; 11$lmissing issues$zmissing v.14:2; 24:3; 27:1; 35:2
=583  \\$acondition reviewed$c20160509$fTESTPROGRAM$fTESTPROGRAM Gold$iissue-level$lmarginalia$zmarginalia v.6:4
=852  0\$aTESTINST1$bHDC$ctestprogram-trust
=866  30$80$a6(1969)-7(1970), 10(1973), 12(1975)-37(2000)

