=LDR  00639nx  a22001931n 4500
=003  TestILS
=004  991004886239703841
=007  ta
=001  221059120360003841
=008  1804230u\\\\0\\\0000ba\\\0\\\\\\
=005  20210520081218.16
=022  \\$a1061-4753
=035  \\$a(OCoLC)25147010
=245  10$aNursing homes :$blong term care management.
=583  \\$acommitted to retain$c20180423$dDecember 31, 2035$fTESTPROGRAM$fTESTPROGRAM Silver$uhttp://localhost/services/testprogram/docs/TESTPROGRAMProgramStatement.pdf
=583  \\$acompleteness reviewed$c20180423$fTESTPROGRAM$fTESTPROGRAM Silver$ivolume level
=561  \\$aTESTINST1
=852  0\$aTESTINST1$bHDC$ctestprogram-trust$hRA997 .A1 N8x
=866  30$80$a40, no.6(1992)-54(2005)
=867  30$80$a53(2004)-54(2005)

