=LDR  00704    a2200205 n 4500
=001  22823765210003841
=003  TestILS
=004  991027151459703841
=005  20210520081217.69
=007  ta
=008  1505220u\\\\0\\\0001ba\\\0\\\\\\\\\\\\\\
=014  1\$a7418482$bOCoLC
=035  \\$a(OCoLC)7418482
=035  \\$a(TestILS)c13604843-01asu_inst
=245  10$aProceedings /$cCotton Dust Research Conference, Beltwide Cotton Production Research Conferences ; sponsored by National Cotton Council and the Cotton Foundation.
=561  \\$aTESTINST1
=583  \\$acommitted to retain$c20150522$dDecember 31, 2035$fTESTPROGRAM$fTESTPROGRAM Gold$uhttp://localhost/services/testprogram/docs/TESTPROGRAMProgramStatement.pdf
=583  \\$acompleteness reviewed$c20150522$fTESTPROGRAM$fTESTPROGRAM Gold$iissue-level
=583  \\$acondition reviewed$c20150522$fTESTPROGRAM$fTESTPROGRAM Gold$iissue-level
=852  0\$aTESTINST1$bHDC$ctestprogram-trust
=866  30$80$a5(1981)-7(1983)

