=LDR  00721nx  a22001931n 4500
=003  TestILS
=004  991022844849703841
=007  ta
=001  221158697140003841
=008  2104185u\\\\0\\\0000ba\\\0\\\\\\
=005  20210520081218.13
=022  \\$a0194-9225
=035  \\$a(OCoLC)5114254
=245  00$aBusiness trends.
=583  \\$acommitted to retain$c20210418$d20351231$fTESTPROGRAM$fTESTPROGRAM Gold$uhttp://localhost/services/testprogram/docs/TESTPROGRAMProgramStatement.pdf
=583  \\$acompleteness reviewed$c20210418$fTESTPROGRAM$fTESTPROGRAM Gold$iissue level$lmissing issues$zmissing v.23:2-4(1979), v.24:2(1980)-v.28:3(1984)
=583  \\$acondition reviewed$c20210418$fTESTPROGRAM$fTESTPROGRAM Gold$iissue level
=561  \\$aTESTINST1
=852  0\$aTESTINST1$bHDC$ctestprogram-trust$hHD28$i.N48x
=866  30$80$a23(1979)-24(1980)

