=LDR  00669nx  a22001931n 4500
=003  TestILS
=004  991045882079703841
=007  ta
=001  221122167460003841
=008  1908165u\\\\0\\\0000ba\\\0\\\\\\
=005  20210520081217.73
=022  \\$a1535-8224
=035  \\$a(OCoLC)47757135
=245  00$aNordic, Central and Southeastern Europe.
=583  \\$acommitted to retain$c20190823$dDecember 31, 2035$fTESTPROGRAM$fTESTPROGRAM Gold$uhttp://localhost/services/testprogram/docs/TESTPROGRAMProgramStatement.pdf
=583  \\$acompleteness reviewed$c20190823$fTESTPROGRAM$fTESTPROGRAM Gold$iissue level
=583  \\$acondition reviewed$c20190823$fTESTPROGRAM$fTESTPROGRAM Gold$iissue level
=561  \\$aTESTINST1
=852  0\$aTESTINST1$bHDC$ctestprogram-trust$hDL1$i.N67
=866  30$80$ano.1(2001)-15(2015/2016)

