=LDR  00698nx  a22001811n 4500
=003  TestILS
=004  991025120829703841
=007  ta
=001  221064210720003841
=008  1805020u\\\\0\\\0000ba\\\0\\\\\\
=005  20210520081217.42
=022  \\$a0026-1696
=035  \\$a(OCoLC)6714094
=245  00$aMexican-American review.
=583  \\$acommitted to retain$c20180502$dDecember 31, 2035$fTESTPROGRAM$fTESTPROGRAM Silver$uhttp://localhost/services/testprogram/docs/TESTPROGRAMProgramStatement.pdf
=583  \\$acompleteness reviewed$c20180502$fTESTPROGRAM$fTESTPROGRAM Silver$ivolume level$lmissing volumes$zmissing v.6-8; v.9:1-2,4-12; v.10-14; v.15:1-7,10-12; v.16-25
=561  \\$aTESTINST1
=852  0\$aTESTINST1$bHDC$ctestprogram-trust$hF1201 .M435
=866  30$80$a9(1941), 15(1947), 26(1958)-42, no.9(1974)

