=LDR  00740ny  a22002053n 4500
=001  22823659120003841
=003  TestILS
=004  991011555279703841
=005  20210520081218.05
=007  ta
=008  1705080u\\\\0\\\0001ba\\\0\\\\\\\\\\\\\\
=014  1\$a1569147$bOCoLC
=022  \\$a0015-0657
=035  \\$a(OCoLC)1569147
=035  \\$a(TestILS)c14147403-01asu_inst
=245  00$aField.
=561  \\$aTESTINST1
=583  \\$acommitted to retain$c20170508$dDecember 31, 2035$fTESTPROGRAM$fTESTPROGRAM Silver$uhttp://localhost/services/testprogram/docs/TESTPROGRAMProgramStatement.pdf
=583  \\$acompleteness reviewed$c20170508$fTESTPROGRAM$fTESTPROGRAM Silver$ivolume-level$lmissing volumes$zmissing no.4-5, no.13
=852  0\$aTESTINST1$bHDC$ctestprogram-trust
=866  30$80$ano.1(1969)-3(1974), 6(1972)-12(1975), 14(1976)-73(2005)

