=LDR  00817    a2200229 n 4500
=001  22954677410003841
=003  TestILS
=004  991020833199703841
=005  20210520081217.84
=007  ta
=008  1405150u\\\\0\\\0001ba\\\0\\\\\\\\\\\\\\
=014  1\$a4471386$bOCoLC
=022  0\$a0163-7673$l0163-7673
=030  \\$aRBTODU
=035  \\$a(OCoLC)4471386
=035  \\$a(TestILS)c13404234-01asu_inst
=245  00$aReviews in biochemical toxicology.
=561  \\$aTESTINST1
=583  \\$acommitted to retain$c20140515$dDecember 31, 2035$fTESTPROGRAM$fTESTPROGRAM Gold$uhttp://localhost/services/testprogram/docs/TESTPROGRAMProgramStatement.pdf
=583  \\$acompleteness reviewed$c20140515$fTESTPROGRAM$fTESTPROGRAM Gold$iissue-level$lmissing volumes$zmissing vols. 11-16
=583  \\$acondition reviewed$c20140515$fTESTPROGRAM$fTESTPROGRAM Gold$iissue-level
=852  0\$aTESTINST1$bHDC$ctestprogram-trust$hRA1190$i.R48
=866  30$80$a1(1979)-10(1989)

