=LDR  00699ny  a22002053n 4500
=001  22961715940003841
=003  TestILS
=004  991011729789703841
=005  20210520081217.48
=007  ta
=008  1410280u\\\\0\\\0001ba\\\0\\\\\\\\\\\\\\
=014  1\$a1941724$bOCoLC
=022  \\$a0360-7828$l0360-7828
=035  \\$a(OCoLC)1941724
=035  \\$a(TestILS)c13550858-01asu_inst
=245  14$aThe Rubber age.
=561  \\$aOKU
=583  \\$acommitted to retain$c20141028$dDecember 31, 2035$fTESTPROGRAM$fTESTPROGRAM Silver$uhttp://localhost/services/testprogram/docs/TESTPROGRAMProgramStatement.pdf
=583  \\$acompleteness reviewed$c20141028$fTESTPROGRAM$fTESTPROGRAM Silver$ivolume-level
=852  0\$aTESTINST1$bHDC$ctestprogram-trust$hTS1870$i.R6
=866  30$80$a1, no.1(1917)-v.1, no.10(1917)

