=LDR  00733    a2200217 n 4500
=001  22907120110003841
=003  TestILS
=004  991037144909703841
=005  20210520081217.99
=007  ta
=008  1605010u\\\\0\\\0001ba\\\0\\\\\\\\\\\\\\
=014  1\$a13640948$bOCoLC
=022  \\$a0268-0130
=035  \\$a(OCoLC)13640948
=035  \\$a(TestILS)c13792210-01asu_inst
=245  04$aThe Herpetological journal.
=561  \\$aTESTINST1
=583  \\$acommitted to retain$c20160501$dDecember 31, 2035$fTESTPROGRAM$fTESTPROGRAM Gold$uhttp://localhost/services/testprogram/docs/TESTPROGRAMProgramStatement.pdf
=583  \\$acompleteness reviewed$c20160501$fTESTPROGRAM$fTESTPROGRAM Gold$iissue-level
=583  \\$acondition reviewed$c20160501$fTESTPROGRAM$fTESTPROGRAM Gold$iissue-level
=852  0\$aTESTINST1$bHDC$ctestprogram-trust
=866  30$80$a1(1985)-15(2005)

