=LDR  00922    a2200241 n 4500
=001  22816948210003841
=003  TestILS
=004  991011515259703841
=005  20210520081217.45
=007  ta
=008  1505010u\\\\0\\\0001ba\\\0\\\\\\\\\\\\\\
=014  1\$a1553129$bOCoLC
=022  \\$a0008-3984
=030  \\$aCNJNAT
=035  \\$a(OCoLC)1553129
=035  \\$a(TestILS)c13582574-01asu_inst
=245  00$aCanadian journal of animal science.
=561  \\$aTESTINST1
=561  \\$aNTD
=583  \\$acommitted to retain$c20150501$dDecember 31, 2035$fTESTPROGRAM$fTESTPROGRAM Gold$uhttp://localhost/services/testprogram/docs/TESTPROGRAMProgramStatement.pdf
=583  \\$acompleteness reviewed$c20150501$fTESTPROGRAM$fTESTPROGRAM Gold$iissue-level$lbinding patterns vary$zfor vols. 37-50, two volumes bound together as single piece; for vols. 68-73, issues 1-2 & 3-4 bound separately
=583  \\$acondition reviewed$c20150501$fTESTPROGRAM$fTESTPROGRAM Gold$iissue-level
=852  0\$aTESTINST1$bHDC$ctestprogram-trust$hSF1$i.C22
=866  30$80$a37(1957)-85(2005)

