=LDR  00683nx  a22001931n 4500
=003  TestILS
=004  991037518629703841
=007  ta
=001  221171328770003841
=008  2105110u\\\\0\\\0000ba\\\0\\\\\\
=005  20210520081218.00
=022  \\$a1930-8639
=035  \\$a(OCoLC)57368074
=245  00$aLeadership in project management annual.
=583  \\$acommitted to retain$c20210511$d20351231$fTESTPROGRAM$fTESTPROGRAM Gold$uhttp://localhost/services/testprogram/docs/TESTPROGRAMProgramStatement.pdf
=583  \\$acompleteness reviewed$c20210511$fTESTPROGRAM$fTESTPROGRAM Gold$iissue level$lmissing issues$zmissing v.1(2005)
=583  \\$acondition reviewed$c20210511$fTESTPROGRAM$fTESTPROGRAM Gold$iissue level
=561  \\$aTESTINST1
=852  0\$aTESTINST1$bHDC$ctestprogram-trust$hHD69.P75$iL392
=866  30$80$a2(2006)

