=LDR  00661nx  a22001931n 4500
=003  TestILS
=004  991019127129703841
=007  ta
=001  221147439560003841
=008  2005315u\\\\0\\\0000ba\\\0\\\\\\
=005  20210520081217.81
=022  \\$a0149-6743
=035  \\$a(OCoLC)3522596
=245  00$aNutrition planning.
=583  \\$acommitted to retain$c20200531$dDecember 31, 2035$fTESTPROGRAM$fTESTPROGRAM Gold$uhttp://localhost/services/testprogram/docs/TESTPROGRAMProgramStatement.pdf
=583  \\$acompleteness reviewed$c20200531$fTESTPROGRAM$fTESTPROGRAM Gold$iissue level
=583  \\$acondition reviewed$c20200531$fTESTPROGRAM$fTESTPROGRAM Gold$iissue level
=561  \\$aTESTINST1
=852  0\$aTESTINST1$bHDC$ctestprogram-trust$hTX359$i.N88
=866  30$80$a1(1978)-7(1986)

