=LDR  00874    a2200253 n 4500
=001  22938650420003841
=003  TestILS
=004  991011455939703841
=005  20210520081217.71
=007  ta
=008  1404160u\\\\0\\\0001ba\\\0\\\\\\\\\\\\\\
=014  1\$a1461101$bOCoLC
=022  0\$a0001-8376
=035  \\$a(OCoLC)1461101
=035  \\$a(TestILS)c13402389-01asu_inst
=245  00$aAdministrative management.
=561  \\$aTESTINST1
=561  \\$aSTA
=561  \\$aCUS
=561  \\$aCUF
=583  \\$acommitted to retain$c20140416$dDecember 31, 2035$fTESTPROGRAM$fTESTPROGRAM Gold$uhttp://localhost/services/testprogram/docs/TESTPROGRAMProgramStatement.pdf
=583  \\$acompleteness reviewed$c20140416$fTESTPROGRAM$fTESTPROGRAM Gold$iissue-level
=583  \\$acondition reviewed$c20140416$fTESTPROGRAM$fTESTPROGRAM Gold$iissue-level$lmissing pages$zvol. 22 missing pages$lloose pages$zvol. 22, 24 loose pages
=852  0\$aTESTINST1$bHDC$ctestprogram-trust
=866  30$80$a22, no.5(1961)-43(1982)

