=LDR  00730nx  a22001691n 4500
=003  TestILS
=004  991008775399703841
=007  ta
=001  221134958780003841
=008  2001165u\\\\0\\\0000ba\\\0\\\\\\
=005  20210520081217.95
=035  \\$a(OCoLC)1275912
=245  00$aOECD economic surveys.$pNorway.
=583  \\$acommitted to retain$c20200116$dDecember 31, 2035$fTESTPROGRAM$fTESTPROGRAM Gold$uhttp://localhost/services/testprogram/docs/TESTPROGRAMProgramStatement.pdf
=583  \\$acompleteness reviewed$c20200116$fTESTPROGRAM$fTESTPROGRAM Silver$ivolume level$lmissing issues$zmissing (1970), (1979), (1984), (1996), (2003), (2009)-(2015)
=561  \\$aTESTINST1
=852  0\$aTESTINST1$bHDC$ctestprogram-trust$hHC361$i.O67
=866  30$80$a(1968)-(1969), (1971)-(1978), (1980)-(1983), (1985)-(1995), (1997)-(2002), (2004)-(2005), (2007)-(2008)

