=LDR  00747    a2200217 n 4500
=001  22898105010003841
=003  TestILS
=004  991028884969703841
=005  20210520081217.81
=007  ta
=008  1305280u\\\\0\\\0001ba\\\0\\\\\\\\\\\\\\
=014  1\$a8016011$bOCoLC
=022  \\$a1001-6651
=035  \\$a(OCoLC)8016011
=035  \\$a(TestILS)c13181105-01asu_inst
=245  00$6880-02$aXin hua wen zhai =$bXinhua wenzhai.
=561  \\$aTESTINST1
=583  \\$acommitted to retain$c20130528$dDecember 31, 2035$fTESTPROGRAM$fTESTPROGRAM Gold$uhttp://localhost/services/testprogram/docs/TESTPROGRAMProgramStatement.pdf
=583  \\$acompleteness reviewed$c20130528$fTESTPROGRAM$fTESTPROGRAM Gold$iissue-level
=583  \\$acondition reviewed$c20130528$fTESTPROGRAM$fTESTPROGRAM Gold$iissue-level
=852  0\$aTESTINST1$bHDC$ctestprogram-trust$hAP95.C4$iH731424x
=866  30$80$a(1981)-(2005)

