=LDR  00933    a2200241 n 4500
=001  22824498690003841
=003  TestILS
=004  991011569279703841
=005  20210520081218.05
=007  ta
=008  1605090u\\\\0\\\0001ba\\\0\\\\\\\\\\\\\\
=014  1\$a1587158$bOCoLC
=022  0\$a0079-6123
=030  \\$aPBRRA4
=035  \\$a(OCoLC)1587158
=035  \\$a(TestILS)c13793263-01asu_inst
=245  00$aProgress in brain research.
=561  \\$aTESTINST1
=561  \\$aCUZ
=583  \\$acommitted to retain$c20160509$dDecember 31, 2035$fTESTPROGRAM$fTESTPROGRAM Gold$uhttp://localhost/services/testprogram/docs/TESTPROGRAMProgramStatement.pdf
=583  \\$acompleteness reviewed$c20160509$fTESTPROGRAM$fTESTPROGRAM Gold$iissue-level$lmissing volumes$zmissing v.33, 65, 98, 135, 145
=583  \\$acondition reviewed$c20160509$fTESTPROGRAM$fTESTPROGRAM Gold$iissue-level$lmarginalia$zv.84 marginalia
=852  0\$aTESTINST1$bHDC$ctestprogram-trust
=866  30$80$a1(1963)-32(1970), 34(1971)-64(1986), 66(1986)-134(2001), 136(2002)-144(2004), 146(2004)-150(2005)

