=LDR  00776nx  a22001931n 4500
=003  TestILS
=004  991011642709703841
=007  ta
=001  221067304510003841
=008  1805140u\\\\0\\\0000ba\\\0\\\\\\
=005  20210520081217.60
=022  \\$a0033-7021
=035  \\$a(OCoLC)1695783
=245  00$aRN.
=583  \\$acommitted to retain$c20180514$dDecember 31, 2035$fTESTPROGRAM$fTESTPROGRAM Silver$uhttp://localhost/services/testprogram/docs/TESTPROGRAMProgramStatement.pdf
=583  \\$acompleteness reviewed$c20180514$fTESTPROGRAM$fTESTPROGRAM Silver$ivolume level$lmissing volumes$zmissing v.1-10; v.11:1-11; v.12-14; v.15:1-3; v.16:7; v.19:mar,may; v.21:1; v.22:1; v.24-25; v.58:7
=561  \\$aTESTINST1
=852  0\$aTESTINST1$bHDC$ctestprogram-trust$hRT1$i.R2
=866  30$80$a11(1948), 15(1952)-23(1960), 26(1963)-68(2005)
=867  30$80$a63(2000)-6467(2004)

