=LDR  00694nx  a22001811n 4500
=003  TestILS
=004  991022852439703841
=007  ta
=001  221111805140003841
=008  1908070u\\\\0\\\0000ba\\\0\\\\\\
=005  20210520081218.14
=022  \\$a0070-9875
=035  \\$a(OCoLC)5201875
=245  00$aElectronic news financial fact book & directory.
=583  \\$acommitted to retain$c20190807$dDecember 31, 2035$fTESTPROGRAM$fTESTPROGRAM Silver$uhttp://localhost/services/testprogram/docs/TESTPROGRAMProgramStatement.pdf
=583  \\$acompleteness reviewed$c20190807$fTESTPROGRAM$fTESTPROGRAM Silver$ivolume level$lmissing volumes$zmissing no.2 (1963), no.10(1971), no.13(1974), no.15(1976)-no.17(1978)
=561  \\$aTESTINST1
=852  0\$aTESTINST1$bHDC$ctestprogram-trust$hHD9696.A1$iE5
=866  30$80$ano.1(1962)-no.29(1990/1991)

