=LDR  00602nx  a22001811n 4500
=003  TestILS
=004  991014219219703841
=007  ta
=001  221111805180003841
=008  1908070u\\\\0\\\0000ba\\\0\\\\\\
=005  20210520081218.15
=022  \\$a0071-7002
=035  \\$a(OCoLC)2720294
=245  00$aFAO commodity review and outlook.
=583  \\$acommitted to retain$c20190807$dDecember 31, 2035$fTESTPROGRAM$fTESTPROGRAM Silver$uhttp://localhost/services/testprogram/docs/TESTPROGRAMProgramStatement.pdf
=583  \\$acompleteness reviewed$c20190807$fTESTPROGRAM$fTESTPROGRAM Silver$ivolume level
=561  \\$aTESTINST1
=852  0\$aTESTINST1$bHDC$ctestprogram-trust$hHD 1401$i.F63a
=866  30$80$a(1968/1969)-(1981/1982)

