=LDR  00732    a2200217 n 4500
=001  22963815460003841
=003  TestILS
=004  991004842439703841
=005  20210520081218.09
=007  ta
=008  1605010u\\\\0\\\0001ba\\\0\\\\\\\\\\\\\\
=014  1\$a23274030$bOCoLC
=022  0\$a1055-713X
=035  \\$a(OCoLC)23274030
=035  \\$a(TestILS)c13790961-01asu_inst
=245  00$aProgress in neural networks.
=561  \\$aTESTINST1
=583  \\$acommitted to retain$c20160501$dDecember 31, 2035$fTESTPROGRAM$fTESTPROGRAM Gold$uhttp://localhost/services/testprogram/docs/TESTPROGRAMProgramStatement.pdf
=583  \\$acompleteness reviewed$c20160501$fTESTPROGRAM$fTESTPROGRAM Gold$iissue-level
=583  \\$acondition reviewed$c20160501$fTESTPROGRAM$fTESTPROGRAM Gold$iissue-level
=852  0\$aTESTINST1$bHDC$ctestprogram-trust
=866  30$80$a1(1991)-6(1999)

