=LDR  00650nx  a22001811n 4500
=003  TestILS
=004  991013131379703841
=007  ta
=001  221106397320003841
=008  1905150u\\\\0\\\0000ba\\\0\\\\\\
=005  20210520081217.62
=022  \\$a0031-1227
=035  \\$a(OCoLC)47684402
=245  10$aPaperboard packaging.
=583  \\$acommitted to retain$c20190515$dDecember 31, 2035$fTESTPROGRAM$fTESTPROGRAM Silver$uhttp://localhost/services/testprogram/docs/TESTPROGRAMProgramStatement.pdf
=583  \\$acompleteness reviewed$c20190515$fTESTPROGRAM$fTESTPROGRAM Silver$ivolume level$lmissing volumes$zmissing v.94:4-6,8 (2009)
=561  \\$aTESTINST1
=852  0\$aTESTINST1$bHDC$ctestprogram-trust$hHF5770$i.P4
=866  30$80$a86, no.7(2001)-99, no.3(2014)

