=LDR  00695nx  a22001931n 4500
=003  TestILS
=004  991020882719703841
=007  ta
=001  221044082250003841
=008  1709140u\\\\0\\\0001ba\\\0\\\\\\
=005  20210520081217.86
=022  \\$a0278-3274
=035  \\$a(OCoLC)4975570
=245  00$aNovitates arthropodae.
=583  \\$acommitted to retain$c20170914$dDecember 31, 2035$fTESTPROGRAM$fTESTPROGRAM Gold$uhttp://localhost/services/testprogram/docs/TESTPROGRAMProgramStatement.pdf
=583  \\$acompleteness reviewed$c20170914$fTESTPROGRAM$fTESTPROGRAM Gold$iissue-level$lmissing issues$zmissing v.2:4
=583  \\$acondition reviewed$c20170914$fTESTPROGRAM$fTESTPROGRAM Gold$iissue-level
=561  \\$aTESTINST1
=852  0\$aTESTINST1$bHDC$ctestprogram-trust$hQL 434 .A1 N6x
=866  30$80$a1(1979)-2(1986)

