=LDR  00766    a2200217 n 4500
=001  22823131870003841
=003  TestILS
=004  991011774569703841
=005  20210520081217.56
=007  ta
=008  1505060u\\\\0\\\0001ba\\\0\\\\\\\\\\\\\\
=014  1\$a1779421$bOCoLC
=022  \\$a0333-5690
=035  \\$a(OCoLC)1779421
=035  \\$a(TestILS)c13597589-01asu_inst
=245  04$aThe Hebrew University studies in literature :$bHSL.
=561  \\$aTESTINST1
=583  \\$acommitted to retain$c20150506$dDecember 31, 2035$fTESTPROGRAM$fTESTPROGRAM Gold$uhttp://localhost/services/testprogram/docs/TESTPROGRAMProgramStatement.pdf
=583  \\$acompleteness reviewed$c20150506$fTESTPROGRAM$fTESTPROGRAM Gold$iissue-level$lmissing volumes$zmissing vol. 1-4
=583  \\$acondition reviewed$c20150506$fTESTPROGRAM$fTESTPROGRAM Gold$iissue-level
=852  0\$aTESTINST1$bHDC$ctestprogram-trust
=866  30$80$a5(1977)-10(1982)

