=LDR  00665ny  a22002053n 4500
=001  22907181070003841
=003  TestILS
=004  991042400539703841
=005  20210520081217.60
=007  ta
=008  1305310u\\\\0\\\0001ba\\\0\\\\\\\\\\\\\\
=014  1\$a20306182$bOCoLC
=022  0\$a1045-988X
=035  \\$a(OCoLC)20306182
=035  \\$a(TestILS)c13182201-01asu_inst
=245  00$aPreventing school failure.
=561  \\$aTESTINST1
=583  \\$acommitted to retain$c20130531$dDecember 31, 2035$fTESTPROGRAM$fTESTPROGRAM Silver$uhttp://localhost/services/testprogram/docs/TESTPROGRAMProgramStatement.pdf
=583  \\$acompleteness reviewed$c20130531$fTESTPROGRAM$fTESTPROGRAM Silver$ivolume-level
=852  0\$aTESTINST1$bHDC$ctestprogram-trust
=866  30$80$a34(1989)-50(2006)

