=LDR  00707ny  a22002053n 4500
=001  22843095770003841
=003  TestILS
=004  991011844799703841
=005  20210520081217.37
=007  ta
=008  1206260u\\\\0\\\0001ba\\\0\\\\\\\\\\\\\\
=014  1\$a1873897$bOCoLC
=022  \\$a0284-7310
=035  \\$a(OCoLC)1873897
=035  \\$a(TestILS)c12806833-01asu_inst
=245  00$aEkonomisk tidskrift.
=561  \\$aTESTINST1
=583  \\$acommitted to retain$c20120626$dDecember 31, 2035$fTESTPROGRAM$fTESTPROGRAM Silver$uhttp://localhost/services/testprogram/docs/TESTPROGRAMProgramStatement.pdf
=583  \\$acompleteness reviewed$c20120626$fTESTPROGRAM$fTESTPROGRAM Silver$ivolume-level$lreprints$zv.1-61, 63-64 Reprints
=852  0\$aTESTINST1$bHDC$ctestprogram-trust$hHB9$i.S87x
=866  30$80$a1(1899)-66(1964)

