=LDR  00650nx  a22001931n 4500
=003  TestILS
=004  991041201329703841
=007  ta
=001  221169239900003841
=008  2104270u\\\\0\\\0000ba\\\0\\\\\\
=005  20210520081217.59
=022  \\$a1041-7893
=035  \\$a(OCoLC)18848633
=245  00$aCommunication serials.
=583  \\$acommitted to retain$c20210427$d20351231$fTESTPROGRAM$fTESTPROGRAM Gold$uhttp://localhost/services/testprogram/docs/TESTPROGRAMProgramStatement.pdf
=583  \\$acompleteness reviewed$c20210427$fTESTPROGRAM$fTESTPROGRAM Gold$iissue level
=583  \\$acondition reviewed$c20210427$fTESTPROGRAM$fTESTPROGRAM Gold$iissue level
=561  \\$aTESTINST1
=852  0\$aTESTINST1$bHDC$ctestprogram-trust$hP87$i.C5976x
=866  30$80$a(1992/1993)

