=LDR  00641nx  a22001811n 4500
=003  TestILS
=004  991011433029703841
=007  ta
=001  221068169620003841
=008  1805220u\\\\0\\\0000ba\\\0\\\\\\
=005  20210520081217.70
=022  \\$a0030-395X
=035  \\$a(OCoLC)1320439
=245  00$aOptical spectra.
=583  \\$acommitted to retain$c20180522$dDecember 31, 2035$fTESTPROGRAM$fTESTPROGRAM Silver$uhttp://localhost/services/testprogram/docs/TESTPROGRAMProgramStatement.pdf
=583  \\$acompleteness reviewed$c20180522$fTESTPROGRAM$fTESTPROGRAM Silver$ivolume level$lmissing volumes$zmissing v.9-11
=561  \\$aTESTINST1
=852  0\$aTESTINST1$bHDC$ctestprogram-trust$hTS510 .O6
=866  30$80$a1(1967)-7(1973), 12(1978)-15(1981)

