=LDR  00580    a2200193 n 4500
=001  22909451540003841
=003  TestILS
=004  991011659819703841
=005  20210520081217.61
=007  ta
=008  1505290u\\\\0\\\0001ba\\\0\\\\\\\\\\\\\\
=014  1\$a1716294$bOCoLC
=022  0\$a0021-910X
=035  \\$a(OCoLC)1716294
=035  \\$a(TestILS)c1360711x-01asu_inst
=245  00$aJournal of Asian history.
=561  \\$aTESTINST1
=583  \\$acommitted to retain$c20130614$dDecember 31, 2035$fTESTPROGRAM$fTESTPROGRAM Bronze$uhttp://localhost/services/testprogram/docs/TESTPROGRAMProgramStatement.pdf
=852  0\$aTESTINST1$bHDC$ctestprogram-trust
=866  30$80$a1(1967)-39(2005)

