=LDR  00722nx  a22001811n 4500
=003  TestILS
=004  991020804899703841
=007  ta
=001  221157051380003841
=008  2011250u\\\\0\\\0000ba\\\0\\\\\\
=005  20210520081217.83
=022  \\$a0164-6001
=035  \\$a(OCoLC)4213516
=245  00$aWestern fruit grower.
=583  \\$acommitted to retain$c20201125$dDecember 31, 2035$fTESTPROGRAM$fTESTPROGRAM Silver$uhttp://localhost/services/testprogram/docs/TESTPROGRAMProgramStatement.pdf
=583  \\$acompleteness reviewed$c20201125$fTESTPROGRAM$fTESTPROGRAM Silver$ivolume level$lmissing volumes$zmissing 106(1976), 114(1994)-24(2004), v.125:3, v.126:3, v.134:2-3
=561  \\$aTESTINST1
=852  0\$aTESTINST1$bHDC$ctestprogram-trust$hSB354$i.W412x
=866  30$80$a94(1974)-105(1985), 107(1987)-113(1993), 25(2005)-135(2015)

