=LDR  00703ny  a22002173n 4500
=001  22859512220003841
=003  TestILS
=004  991018826579703841
=005  20210520081217.65
=007  ta
=008  1404160u\\\\0\\\0001ba\\\0\\\\\\\\\\\\\\
=014  1\$a3610535$bOCoLC
=022  0\$a0193-7626
=035  \\$a(OCoLC)3610535
=035  \\$a(TestILS)c13382767-01asu_inst
=245  10$aExtracts :$ban occasional newsletter.
=561  \\$aTESTINST1
=583  \\$acommitted to retain$c20140416$dDecember 31, 2035$fTESTPROGRAM$fTESTPROGRAM Silver$uhttp://localhost/services/testprogram/docs/TESTPROGRAMProgramStatement.pdf
=583  \\$acompleteness reviewed$c20140416$fTESTPROGRAM$fTESTPROGRAM Silver$ivolume-level
=852  0\$aTESTINST1$bHDC$ctestprogram-trust
=866  30$80$ano.1(1969)-33(1978)
=868  30$80$ano.1(1969)-33(1978)

