=LDR  00654nx  a22001931n 4500
=003  TestILS
=004  991011773789703841
=007  ta
=001  221153824320003841
=008  2104115u\\\\0\\\0000ba\\\0\\\\\\
=005  20210520081217.56
=022  \\$a0301-0112
=035  \\$a(OCoLC)1779048
=245  00$aAbstracts on police science.
=583  \\$acommitted to retain$c20210411$d20351231$fTESTPROGRAM$fTESTPROGRAM Gold$uhttp://localhost/services/testprogram/docs/TESTPROGRAMProgramStatement.pdf
=583  \\$acompleteness reviewed$c20210411$fTESTPROGRAM$fTESTPROGRAM Gold$iissue level
=583  \\$acondition reviewed$c20210411$fTESTPROGRAM$fTESTPROGRAM Gold$iissue level
=561  \\$aTESTINST1
=852  0\$aTESTINST1$bHDC$ctestprogram-trust$hHV7551$i.A23x
=866  30$80$a1(1973)-7(1979)

