=LDR  00728    a2200217 n 4500
=001  22862410230003841
=003  TestILS
=004  991011892259703841
=005  20210520081217.66
=007  ta
=008  1505060u\\\\0\\\0001ba\\\0\\\\\\\\\\\\\\
=014  1\$a2240359$bOCoLC
=022  \\$a0377-5380
=035  \\$a(OCoLC)2240359
=035  \\$a(TestILS)c13597760-01asu_inst
=245  00$aSocial and labour bulletin.
=561  \\$aTESTINST1
=583  \\$acommitted to retain$c20150506$dDecember 31, 2035$fTESTPROGRAM$fTESTPROGRAM Gold$uhttp://localhost/services/testprogram/docs/TESTPROGRAMProgramStatement.pdf
=583  \\$acompleteness reviewed$c20150506$fTESTPROGRAM$fTESTPROGRAM Gold$iissue-level
=583  \\$acondition reviewed$c20150506$fTESTPROGRAM$fTESTPROGRAM Gold$iissue-level
=852  0\$aTESTINST1$bHDC$ctestprogram-trust
=866  30$80$a(1974)-(1992)

