=LDR  00682ny  a22002053n 4500
=001  22891882700003841
=003  TestILS
=004  991033258469703841
=005  20210520081218.00
=007  ta
=008  1605200u\\\\0\\\0001ba\\\0\\\\\\\\\\\\\\
=014  1\$a44423904$bOCoLC
=022  \\$a1560-0475$l1560-0475
=035  \\$a(OCoLC)44423904
=035  \\$a(TestILS)c13831902-01asu_inst
=245  00$aBusiness library review international.
=561  \\$aORZ
=583  \\$acommitted to retain$c20160520$dDecember 31, 2035$fTESTPROGRAM$fTESTPROGRAM Silver$uhttp://localhost/services/testprogram/docs/TESTPROGRAMProgramStatement.pdf
=583  \\$acompleteness reviewed$c20160520$fTESTPROGRAM$fTESTPROGRAM Silver$ivolume-level
=852  0\$aTESTINST1$bHDC$ctestprogram-trust$hHG1$i.B97
=866  30$80$a24(2000/2001)

