=LDR  00734nx  a22001931n 4500
=003  TestILS
=004  991032313309703841
=007  ta
=001  221147439690003841
=008  2005315u\\\\0\\\0000ba\\\0\\\\\\
=005  20210520081218.04
=022  \\$a0248-7845
=035  \\$a(OCoLC)10158360
=245  02$aL'Avant-scène.$pBallet/danse.
=583  \\$acommitted to retain$c20200531$dDecember 31, 2035$fTESTPROGRAM$fTESTPROGRAM Gold$uhttp://localhost/services/testprogram/docs/TESTPROGRAMProgramStatement.pdf
=583  \\$acompleteness reviewed$c20200531$fTESTPROGRAM$fTESTPROGRAM Gold$iissue level$lmissing issues$zmissingno.1(1980)-11(1983), no.15(1984)
=583  \\$acondition reviewed$c20200531$fTESTPROGRAM$fTESTPROGRAM Gold$iissue level
=561  \\$aTESTINST1
=852  0\$aTESTINST1$bHDC$ctestprogram-trust$hGV1580$i.A9
=866  30$80$ano.12(1984)-14(1984), 16(1985)

