=LDR  00583ny  a22001933n 4500
=001  22945403980003841
=003  TestILS
=004  991004607219703841
=005  20210520081218.09
=007  ta
=008  1205030u\\\\0\\\0001ba\\\0\\\\\\\\\\\\\\
=014  1\$a38483617$bOCoLC
=022  0\$a1098-092X
=035  \\$a(OCoLC)38483617
=035  \\$a(TestILS)c12690521-01asu_inst
=245  00$aGender issues.
=561  \\$aTESTINST1
=583  \\$acommitted to retain$c20120503$dDecember 31, 2035$fTESTPROGRAM$fTESTPROGRAM Bronze$uhttp://localhost/services/testprogram/docs/TESTPROGRAMProgramStatement.pdf
=852  0\$aTESTINST1$bHDC$ctestprogram-trust
=866  30$80$a16(1998)-22(2005)

