=LDR  00711nx  a22002051n 4500
=003  TestILS
=004  991014960759703841
=007  ta
=001  221065847240003841
=008  1805040u\\\\0\\\0000ba\\\0\\\\\\
=005  20210520081218.10
=022  \\$a0029-5337
=035  \\$a(OCoLC)2449193
=245  00$6880-01$aNovyĭ zhurnal =$bThe new review.
=583  \\$acommitted to retain$c20180504$dDecember 31, 2035$fTESTPROGRAM$fTESTPROGRAM Silver$uhttp://localhost/services/testprogram/docs/TESTPROGRAMProgramStatement.pdf
=583  \\$acompleteness reviewed$c20180504$fTESTPROGRAM$fTESTPROGRAM Silver$ivolume level$lmissing volumes$zmissing no.1-2, 25-85
=561  \\$aTESTINST1
=561  \\$aCSJ
=852  0\$aTESTINST1$bHDC$ctestprogram-trust$hAP50 .N685
=866  30$80$ano.3(1942)-24(1950), 86(1967)-241(2005)
=868  30$80$a1(1942)-101(1970)

