=LDR  00730    a2200217 n 4500
=001  22878151160003841
=003  TestILS
=004  991007564399703841
=005  20210520081217.49
=007  ta
=008  1705080u\\\\0\\\0001ba\\\0\\\\\\\\\\\\\\
=014  1\$a27191064$bOCoLC
=022  0\$a1067-3253
=035  \\$a(OCoLC)27191064
=035  \\$a(TestILS)c14146642-01asu_inst
=245  04$aThe best stage scenes of ...
=561  \\$aTESTINST1
=583  \\$acommitted to retain$c20170508$dDecember 31, 2035$fTESTPROGRAM$fTESTPROGRAM Gold$uhttp://localhost/services/testprogram/docs/TESTPROGRAMProgramStatement.pdf
=583  \\$acompleteness reviewed$c20170508$fTESTPROGRAM$fTESTPROGRAM Gold$iissue-level
=583  \\$acondition reviewed$c20170508$fTESTPROGRAM$fTESTPROGRAM Gold$iissue-level
=852  0\$aTESTINST1$bHDC$ctestprogram-trust
=866  30$80$a(1992)-(2005)

