=LDR  00600nx  a22001811n 4500
=003  TestILS
=004  991045515149703841
=007  ta
=001  221153798800003841
=008  2012070u\\\\0\\\0000ba\\\0\\\\\\
=005  20210520081218.07
=022  \\$a1532-8880
=035  \\$a(OCoLC)45568883
=245  00$aPatient care management.
=583  \\$acommitted to retain$c20201207$dDecember 31, 2035$fTESTPROGRAM$fTESTPROGRAM Silver$uhttp://localhost/services/testprogram/docs/TESTPROGRAMProgramStatement.pdf
=583  \\$acompleteness reviewed$c20201207$fTESTPROGRAM$fTESTPROGRAM Silver$ivolume level
=561  \\$aTESTINST1
=852  0\$aTESTINST1$bHDC$ctestprogram-trust$hRT89$i.A77x
=866  30$80$a16, no.3(2000)-19(2003)

