=LDR  00675ny  a22002053n 4500
=001  22954028250003841
=003  TestILS
=004  991038902709703841
=005  20210520081217.54
=007  ta
=008  1310310u\\\\0\\\0001ba\\\0\\\\\\\\\\\\\\
=014  1\$a15500779$bOCoLC
=022  0\$a0896-3789
=035  \\$a(OCoLC)15500779
=035  \\$a(TestILS)c13279920-01asu_inst
=245  04$aThe Academy of Management executive.
=561  \\$aTESTINST1
=583  \\$acommitted to retain$c20131031$dDecember 31, 2035$fTESTPROGRAM$fTESTPROGRAM Silver$uhttp://localhost/services/testprogram/docs/TESTPROGRAMProgramStatement.pdf
=583  \\$acompleteness reviewed$c20131031$fTESTPROGRAM$fTESTPROGRAM Silver$ivolume-level
=852  0\$aTESTINST1$bHDC$ctestprogram-trust$hHD28$i.A23x
=866  30$80$a1(1987)-3(1989)

