=LDR  00663ny  a22002053n 4500
=001  22852378440003841
=003  TestILS
=004  991011849279703841
=005  20210520081217.37
=007  ta
=008  1505220u\\\\0\\\0001ba\\\0\\\\\\\\\\\\\\
=014  1\$a1915206$bOCoLC
=022  \\$a0145-787X
=035  \\$a(OCoLC)1915206
=035  \\$a(TestILS)c13605501-01asu_inst
=245  00$aMime journal.
=561  \\$aTESTINST1
=583  \\$acommitted to retain$c20150522$dDecember 31, 2035$fTESTPROGRAM$fTESTPROGRAM Silver$uhttp://localhost/services/testprogram/docs/TESTPROGRAMProgramStatement.pdf
=583  \\$acompleteness reviewed$c20150522$fTESTPROGRAM$fTESTPROGRAM Silver$ivolume-level
=852  0\$aTESTINST1$bHDC$ctestprogram-trust
=866  30$80$a(1974)-(2004/2005)

