=LDR  00811ny  a22002413n 4500
=001  22819346250003841
=003  TestILS
=004  991011787869703841
=005  20210520081217.97
=007  ta
=008  1305130u\\\\0\\\0001ba\\\0\\\\\\\\\\\\\\
=014  1\$a1783067$bOCoLC
=022  \\$a0022-4197
=030  \\$aJRHEA
=035  \\$a(OCoLC)1783067
=035  \\$a(TestILS)c13150935-01asu_inst
=245  00$aJournal of religion and health.
=561  \\$aTESTINST1
=561  \\$aIYU
=561  \\$aSTA
=583  \\$acommitted to retain$c20130513$dDecember 31, 2035$fTESTPROGRAM$fTESTPROGRAM Silver$uhttp://localhost/services/testprogram/docs/TESTPROGRAMProgramStatement.pdf
=583  \\$acompleteness reviewed$c20130513$fTESTPROGRAM$fTESTPROGRAM Silver$ivolume-level$lbinding patterns vary$zfor vols. 23-32 two volumes bound together as single piece
=852  0\$aTESTINST1$bHDC$ctestprogram-trust
=866  30$80$a1(1961/1962)-44(2005)

