=LDR  00700nx  a22001931n 4500
=003  TestILS
=004  991011941189703841
=007  ta
=001  221147868890003841
=008  2006265u\\\\0\\\0000ba\\\0\\\\\\
=005  20210520081217.62
=022  \\$a0362-3254
=035  \\$a(OCoLC)2285475
=245  10$aNAGWS guide:$pBasketball.
=583  \\$acommitted to retain$c20200626$dDecember 31, 2035$fTESTPROGRAM$fTESTPROGRAM Gold$uhttp://localhost/services/testprogram/docs/TESTPROGRAMProgramStatement.pdf
=583  \\$acompleteness reviewed$c20200626$fTESTPROGRAM$fTESTPROGRAM Gold$iissue level$lmissing issues$zmissing (1976)-(1977)
=583  \\$acondition reviewed$c20200626$fTESTPROGRAM$fTESTPROGRAM Gold$iissue level
=561  \\$aTESTINST1
=852  0\$aTESTINST1$bHDC$ctestprogram-trust$hGV885.A1$iO32
=866  30$80$a(1978)-(1985)

