=LDR  00660nx  a22001931n 4500
=003  TestILS
=004  991045685329703841
=007  ta
=001  221126309300003841
=008  1908165u\\\\0\\\0000ba\\\0\\\\\\
=005  20210520081218.08
=022  \\$a1529-1359
=035  \\$a(OCoLC)43621660
=245  10$aThomson bank directory.
=583  \\$acommitted to retain$c20190823$dDecember 31, 2035$fTESTPROGRAM$fTESTPROGRAM Gold$uhttp://localhost/services/testprogram/docs/TESTPROGRAMProgramStatement.pdf
=583  \\$acompleteness reviewed$c20190823$fTESTPROGRAM$fTESTPROGRAM Gold$iissue level
=583  \\$acondition reviewed$c20190823$fTESTPROGRAM$fTESTPROGRAM Gold$iissue level
=561  \\$aTESTINST1
=852  0\$aTESTINST1$bHDC$ctestprogram-trust$hHG1536$i.P633
=866  30$80$a(2000/2001)

