=LDR  00728ny  a22002293n 4500
=001  22879259890003841
=003  TestILS
=004  991011596499703841
=005  20210520081217.80
=007  ta
=008  1206180u\\\\0\\\0001ba\\\0\\\\\\\\\\\\\\
=014  1\$a1607223$bOCoLC
=022  0\$a0022-2186$l0022-2186
=030  \\$aJLLEA7
=035  \\$a(OCoLC)1607223
=035  \\$a(TestILS)c12801665-01asu_inst
=245  04$aThe Journal of law & economics.
=561  \\$aTESTINST1
=561  \\$aAZC
=583  \\$acommitted to retain$c20120618$dDecember 31, 2035$fTESTPROGRAM$fTESTPROGRAM Silver$uhttp://localhost/services/testprogram/docs/TESTPROGRAMProgramStatement.pdf
=583  \\$acompleteness reviewed$c20120618$fTESTPROGRAM$fTESTPROGRAM Silver$ivolume-level
=852  0\$aTESTINST1$bHDC$ctestprogram-trust$hK10$i.O872x
=866  30$80$a1(1958)-48(2005)

