=LDR  00678nx  a22001811n 4500
=003  TestILS
=004  991011556699703841
=007  ta
=001  221058636500003841
=008  1803070u\\\\0\\\0000ba\\\0\\\\\\
=005  20210520081218.05
=022  \\$a0015-4806
=035  \\$a(OCoLC)1569490
=245  00$aFlying.
=583  \\$acommitted to retain$c20180406$dDecember 31, 2035$fTESTPROGRAM$fTESTPROGRAM Silver$uhttp://localhost/services/testprogram/docs/TESTPROGRAMProgramStatement.pdf
=583  \\$acompleteness reviewed$c20180406$fTESTPROGRAM$fTESTPROGRAM Silver$ivolume level$lmissing volumes$zmissing v.80-85; v.95-119
=561  \\$aTESTINST1
=852  0\$aTESTINST1$bHDC$ctestprogram-trust$hTL501$i.F54x
=866  30$80$a34(1944)-79(1966), 86(1970)-94(1974), 120(1993)-132(2005)

