=LDR  00683nx  a22001811n 4500
=003  TestILS
=004  991032322539703841
=007  ta
=001  221157486180003841
=008  2012040u\\\\0\\\0000ba\\\0\\\\\\
=005  20210520081218.04
=022  \\$a0741-8345
=035  \\$a(OCoLC)10248894
=245  00$aBlue chip financial forecasts.
=583  \\$acommitted to retain$c20201204$dDecember 31, 2035$fTESTPROGRAM$fTESTPROGRAM Silver$uhttp://localhost/services/testprogram/docs/TESTPROGRAMProgramStatement.pdf
=583  \\$acompleteness reviewed$c20201204$fTESTPROGRAM$fTESTPROGRAM Silver$ivolume level$lmissing volumes$zMissing v.1(1982)-3(1983), (1999 Feb-Jul), (2008 Jan), (2010 May-Dec)
=561  \\$aTESTINST1
=852  0\$aTESTINST1$bHDC$ctestprogram-trust$hHG1622$i.B58x
=866  30$80$a4(1985)-34(2015)

