=LDR  00849ny  a22002053n 4500
=001  22923416710003841
=003  TestILS
=004  991006992079703841
=005  20210520081218.17
=007  ta
=008  1305150u\\\\0\\\0001ba\\\0\\\\\\\\\\\\\\
=014  1\$a7429231$bOCoLC
=035  \\$a(OCoLC)7429231
=035  \\$a(TestILS)c13151095-01asu_inst
=245  00$aRivista di letterature moderne.
=561  \\$aCUS
=583  \\$acommitted to retain$c20130516$dDecember 31, 2035$fTESTPROGRAM$fTESTPROGRAM Gold$uhttp://localhost/services/testprogram/docs/TESTPROGRAMProgramStatement.pdf
=583  \\$acompleteness reviewed$c20130516$fTESTPROGRAM$fTESTPROGRAM Gold$iissue-level$lmissing volumes$zmissing vols. 1(1946)- 3(1948)$lmissing issues$zn.s. v.3 issue 3(1952) (also no.8) & vol. 4 issue 1(1953)
=583  \\$acondition reviewed$c20130516$fTESTPROGRAM$fTESTPROGRAM Gold$iissue-level
=852  0\$aTESTINST1$bHDC$ctestprogram-trust$hPN5$i.R5
=866  30$80$an.s.1(1950)-5, no.4(1954)

