=LDR  00703nx  a22001931n 4500
=003  TestILS
=004  991011440459703841
=007  ta
=001  221159188390003841
=008  2102175u\\\\0\\\0000ba\\\0\\\\\\
=005  20210520081217.70
=022  \\$a0096-848X
=035  \\$a(OCoLC)1367782
=245  00$aYearbook of physical anthropology.
=583  \\$acommitted to retain$c20210217$d20351231$fTESTPROGRAM$fTESTPROGRAM Gold$uhttp://localhost/services/testprogram/docs/TESTPROGRAMProgramStatement.pdf
=583  \\$acompleteness reviewed$c20210217$fTESTPROGRAM$fTESTPROGRAM Gold$iissue level$lmissing issues$zmissing 47(2004)-55(2012)
=583  \\$acondition reviewed$c20210217$fTESTPROGRAM$fTESTPROGRAM Gold$iissue level
=561  \\$aTESTINST1
=852  0\$aTESTINST1$bHDC$ctestprogram-trust$hGN60$i.Y4
=866  30$80$a1(1945), 3(1947)-46(2003)

