=LDR  00721ny  a22002053n 4500
=001  22935903270003841
=003  TestILS
=004  991011531099703841
=005  20210520081217.94
=007  ta
=008  1305240u\\\\0\\\0001ba\\\0\\\\\\\\\\\\\\
=014  1\$a1564957$bOCoLC
=022  \\$a0010-7476
=035  \\$a(OCoLC)1564957
=035  \\$a(TestILS)c13181026-01asu_inst
=245  00$aContemporary education /$cIndiana State University.
=561  \\$aTESTINST1
=583  \\$acommitted to retain$c20130528$dDecember 31, 2035$fTESTPROGRAM$fTESTPROGRAM Silver$uhttp://localhost/services/testprogram/docs/TESTPROGRAMProgramStatement.pdf
=583  \\$acompleteness reviewed$c20130528$fTESTPROGRAM$fTESTPROGRAM Silver$ivolume-level$lmissing volumes$zmissing vol. 47
=852  0\$aTESTINST1$bHDC$ctestprogram-trust
=866  30$80$a39, no.4(1968)-46(1975), 48(1976)-72(2002)

