=LDR  00600nx  a22001811n 4500
=003  TestILS
=004  991044910049703841
=007  ta
=001  221067383420003841
=008  1805220u\\\\0\\\0000ba\\\0\\\\\\
=005  20210520081217.52
=022  \\$a1526-3681
=035  \\$a(OCoLC)42201206
=245  00$aPoptronics.
=583  \\$acommitted to retain$c20180522$dDecember 31, 2035$fTESTPROGRAM$fTESTPROGRAM Silver$uhttp://localhost/services/testprogram/docs/TESTPROGRAMProgramStatement.pdf
=583  \\$acompleteness reviewed$c20180522$fTESTPROGRAM$fTESTPROGRAM Silver$ivolume level
=561  \\$aTESTINST1
=852  0\$aTESTINST1$bHDC$ctestprogram-trust$hTK7800 .P648x
=866  30$80$a1(2000)-4, no.1(2003)

