=LDR  00717ny  a22002173n 4500
=001  22909039050003841
=003  TestILS
=004  991023117379703841
=005  20210520081217.77
=007  ta
=008  1404160u\\\\0\\\0001ba\\\0\\\\\\\\\\\\\\
=014  1\$a21491917$bOCoLC
=022  0\$a1050-4745
=035  \\$a(OCoLC)21491917
=035  \\$a(TestILS)c13381817-01asu_inst
=245  04$aThe Torah u-madda journal.
=561  \\$aTESTINST1
=561  \\$aWAU
=583  \\$acommitted to retain$c20140416$dDecember 31, 2035$fTESTPROGRAM$fTESTPROGRAM Silver$uhttp://localhost/services/testprogram/docs/TESTPROGRAMProgramStatement.pdf
=583  \\$acompleteness reviewed$c20140416$fTESTPROGRAM$fTESTPROGRAM Silver$ivolume-level$lmissing volumes$zmissing vols. 9
=852  0\$aTESTINST1$bHDC$ctestprogram-trust
=866  30$80$a1(1989)-13(2005)

