=LDR  00693ny  a22002053n 4500
=001  22957251590003841
=003  TestILS
=004  991025120749703841
=005  20210520081217.42
=007  ta
=008  1605200u\\\\0\\\0001ba\\\0\\\\\\\\\\\\\\
=014  1\$a6712184$bOCoLC
=022  0\$a0271-9517
=035  \\$a(OCoLC)6712184
=035  \\$a(TestILS)c13832220-01asu_inst
=245  00$aNACADA journal /$cNational Academic Advising Association.
=561  \\$aTESTINST1
=583  \\$acommitted to retain$c20160520$dDecember 31, 2035$fTESTPROGRAM$fTESTPROGRAM Silver$uhttp://localhost/services/testprogram/docs/TESTPROGRAMProgramStatement.pdf
=583  \\$acompleteness reviewed$c20160520$fTESTPROGRAM$fTESTPROGRAM Silver$ivolume-level$lmissing volumes$zmissing v.1-4
=852  0\$aTESTINST1$bHDC$ctestprogram-trust
=866  30$80$a5(1985)-26(2006)

