=LDR  00791    a2200217 n 4500
=001  22890217190003841
=003  TestILS
=004  991018601439703841
=005  20210520081217.64
=007  ta
=008  1306040u\\\\0\\\0001ba\\\0\\\\\\\\\\\\\\
=014  1\$a3367079$bOCoLC
=022  \\$a0161-9225
=035  \\$a(OCoLC)3367079
=035  \\$a(TestILS)c13183035-01asu_inst
=245  00$aI & L, Ideologies & literature.
=561  \\$aTESTINST1
=583  \\$acommitted to retain$c20130604$dDecember 31, 2035$fTESTPROGRAM$fTESTPROGRAM Gold$uhttp://localhost/services/testprogram/docs/TESTPROGRAMProgramStatement.pdf
=583  \\$acompleteness reviewed$c20130604$fTESTPROGRAM$fTESTPROGRAM Gold$iissue-level$lmissing issues$zmissing vol. 1 issue 1
=583  \\$acondition reviewed$c20130604$fTESTPROGRAM$fTESTPROGRAM Gold$iissue-level
=852  0\$aTESTINST1$bHDC$ctestprogram-trust
=866  30$80$a1(1976)-4(1983); n.s.1(1985)-4(1989)

