=LDR  00700nx  a22001931n 4500
=003  TestILS
=004  991014223319703841
=007  ta
=001  221126309670003841
=008  1908165u\\\\0\\\0000ba\\\0\\\\\\
=005  20210520081218.15
=022  \\$a0700-4672
=035  \\$a(OCoLC)2751219
=245  10$aCatalogue of Canadian coins, tokens & fractional currency.
=583  \\$acommitted to retain$c20190823$dDecember 31, 2035$fTESTPROGRAM$fTESTPROGRAM Gold$uhttp://localhost/services/testprogram/docs/TESTPROGRAMProgramStatement.pdf
=583  \\$acompleteness reviewed$c20190823$fTESTPROGRAM$fTESTPROGRAM Gold$iissue level$lmissing issues$z1952-1956, 1958-1959 missing
=583  \\$acondition reviewed$c20190823$fTESTPROGRAM$fTESTPROGRAM Gold$iissue level
=561  \\$aTESTINST1
=852  0\$aTESTINST1$bHDC$ctestprogram-trust$hCJ1860$i.C5x
=866  30$80$a5(1957)

