=LDR  00689nx  a22001931n 4500
=003  TestILS
=004  991022894439703841
=007  ta
=001  221067406340003841
=008  1805220u\\\\0\\\0000ba\\\0\\\\\\
=005  20210520081217.76
=022  \\$a0199-2880
=035  \\$a(OCoLC)5757390
=245  04$aThe Executive female.
=583  \\$acommitted to retain$c20180522$dDecember 31, 2035$fTESTPROGRAM$fTESTPROGRAM Silver$uhttp://localhost/services/testprogram/docs/TESTPROGRAMProgramStatement.pdf
=583  \\$acompleteness reviewed$c20180522$fTESTPROGRAM$fTESTPROGRAM Silver$ivolume level$lmissing volumes$zmissing missing v.2-8; v.14:5; v.18:1; v.20:5
=561  \\$aTESTINST1
=852  0\$aTESTINST1$bHDC$ctestprogram-trust$hHD6054.4 .U5 E94x
=866  30$80$a9(1986)-20(1997)
=867  30$80$a9(1986)

