=LDR  00715nx  a22001811n 4500
=003  TestILS
=004  991011474989703841
=007  ta
=001  221049886590003841
=008  1801030u\\\\0\\\0000ba\\\0\\\\\\
=005  20210520081217.67
=022  \\$a0003-0902
=035  \\$a(OCoLC)1480696
=245  04$aThe American salesman.
=583  \\$acommitted to retain$c20180103$dDecember 31, 2035$fTESTPROGRAM$fTESTPROGRAM Silver$uhttp://localhost/services/testprogram/docs/TESTPROGRAMProgramStatement.pdf
=583  \\$acompleteness reviewed$c20180103$fTESTPROGRAM$fTESTPROGRAM Silver$ivolume level$lmissing volumes$zmissing v.1-7; v.9:7-11; v.10:1; v.28:1,5-6; v.29:8,10;  v.30-31; v.39:10; v.47:10-12
=561  \\$aTESTINST1
=852  0\$aTESTINST1$bHDC$ctestprogram-trust$hHF5438 .A16
=866  30$80$a8(1963)-29(1984), 32(1987)-47(2002)

