=LDR  00573nx  a22001691n 4500
=003  TestILS
=004  991025073929703841
=007  ta
=001  221066548730003841
=008  1805140u\\\\0\\\0000ba\\\0\\\\\\
=005  20210520081217.43
=035  \\$a(OCoLC)6138917
=245  10$aPractical home economics.
=583  \\$acommitted to retain$c20180514$dDecember 31, 2035$fTESTPROGRAM$fTESTPROGRAM Silver$uhttp://localhost/services/testprogram/docs/TESTPROGRAMProgramStatement.pdf
=583  \\$acompleteness reviewed$c20180514$fTESTPROGRAM$fTESTPROGRAM Silver$ivolume level
=561  \\$aTESTINST1
=852  0\$aTESTINST1$bHDC$ctestprogram-trust$hTX1$i.P7
=866  30$80$a1(1956)-8, no.9(1962/1963)

