=LDR  00809    a2200217 n 4500
=001  22879950690003841
=003  TestILS
=004  991011906259703841
=005  20210520081217.88
=007  ta
=008  1705080u\\\\0\\\0001ba\\\0\\\\\\\\\\\\\\
=014  1\$a2244982$bOCoLC
=022  \\$a0360-8271
=035  \\$a(OCoLC)2244982
=035  \\$a(TestILS)c14129565-01asu_inst
=245  04$aThe Best in environmental graphics.
=561  \\$aTESTINST1
=583  \\$acommitted to retain$c20170508$dDecember 31, 2035$fTESTPROGRAM$fTESTPROGRAM Gold$uhttp://localhost/services/testprogram/docs/TESTPROGRAMProgramStatement.pdf
=583  \\$acompleteness reviewed$c20170508$fTESTPROGRAM$fTESTPROGRAM Gold$iissue-level$lmissing issues$zmissing no.2, 4-5
=583  \\$acondition reviewed$c20170508$fTESTPROGRAM$fTESTPROGRAM Gold$iissue-level
=852  0\$aTESTINST1$bHDC$ctestprogram-trust$hNC998.5.A1$iB47
=866  30$80$ano.1(1975), 3(1978/1979), 6(1984)-10(1995)

