=LDR  00778ny  a22002413n 4500
=001  22820815300003841
=003  TestILS
=004  991011783619703841
=005  20210520081217.97
=007  ta
=008  1206290u\\\\0\\\0001ba\\\0\\\\\\\\\\\\\\
=014  1\$a1782320$bOCoLC
=022  \\$a0022-2429
=030  \\$aJMKTAK
=035  \\$a(OCoLC)1782320
=035  \\$a(TestILS)c12807710-01asu_inst
=245  00$aJournal of marketing.
=561  \\$aTESTINST1
=561  \\$aSTA
=583  \\$acommitted to retain$c20120629$dDecember 31, 2035$fTESTPROGRAM$fTESTPROGRAM Silver$uhttp://localhost/services/testprogram/docs/TESTPROGRAMProgramStatement.pdf
=583  \\$acompleteness reviewed$c20120629$fTESTPROGRAM$fTESTPROGRAM Silver$ivolume-level$lReprints$zReprint v.3
=852  0\$aTESTINST1$bHDC$ctestprogram-trust$hHF5415.A2$iJ6
=866  30$80$a1(1936)-69(2005)
=868  30$80$a1(1936)-52(1987)

