=LDR  00796    a2200229 n 4500
=001  22961066820003841
=003  TestILS
=004  991005904419703841
=005  20210520081218.16
=007  ta
=008  1705080u\\\\0\\\0001ba\\\0\\\\\\\\\\\\\\
=014  1\$a818129$bOCoLC
=022  0\$a0021-9592
=030  \\$aJCEJAQ
=035  \\$a(OCoLC)818129
=035  \\$a(TestILS)c14146721-01asu_inst
=245  00$aJournal of chemical engineering of Japan.
=561  \\$aTESTINST1
=583  \\$acommitted to retain$c20170508$dDecember 31, 2035$fTESTPROGRAM$fTESTPROGRAM Gold$uhttp://localhost/services/testprogram/docs/TESTPROGRAMProgramStatement.pdf
=583  \\$acompleteness reviewed$c20170508$fTESTPROGRAM$fTESTPROGRAM Gold$iissue-level$lmissing volumes$zmissing v.36:9
=583  \\$acondition reviewed$c20170508$fTESTPROGRAM$fTESTPROGRAM Gold$iissue-level
=852  0\$aTESTINST1$bHDC$ctestprogram-trust$hTP1$i.J68
=866  30$80$a1(1968)-48(2015)

