=LDR  00695nx  a22001811n 4500
=003  TestILS
=004  991018852999703841
=007  ta
=001  221115173240003841
=008  1908165u\\\\0\\\0000ba\\\0\\\\\\
=005  20210520081217.72
=035  \\$a(OCoLC)4017851
=245  00$aAA projects review.
=583  \\$acommitted to retain$c20190823$dDecember 31, 2035$fTESTPROGRAM$fTESTPROGRAM Gold$uhttp://localhost/services/testprogram/docs/TESTPROGRAMProgramStatement.pdf
=583  \\$acompleteness reviewed$c20190823$fTESTPROGRAM$fTESTPROGRAM Gold$iissue level$lmissing issues$zmissing (1974/75?)-(1977/78)
=583  \\$acondition reviewed$c20190823$fTESTPROGRAM$fTESTPROGRAM Gold$iissue level
=561  \\$aTESTINST1
=852  0\$aTESTINST1$bHDC$ctestprogram-trust$hNA2310.G74$iA735x
=866  30$80$a(1978/1979)-(1980/1981)

