=LDR  00775    a2200217 n 4500
=001  22902281740003841
=003  TestILS
=004  991011626479703841
=005  20210520081217.91
=007  ta
=008  1505270u\\\\0\\\0001ba\\\0\\\\\\\\\\\\\\
=014  1\$a1643943$bOCoLC
=022  \\$a0018-554X
=035  \\$a(OCoLC)1643943
=035  \\$a(TestILS)c13605756-01asu_inst
=245  00$aHospital administration in Canada.
=561  \\$aTESTINST1
=583  \\$acommitted to retain$c20150527$dDecember 31, 2035$fTESTPROGRAM$fTESTPROGRAM Gold$uhttp://localhost/services/testprogram/docs/TESTPROGRAMProgramStatement.pdf
=583  \\$acompleteness reviewed$c20150527$fTESTPROGRAM$fTESTPROGRAM Gold$iissue-level$lmissing volumes$zmissing vols. 3-16
=583  \\$acondition reviewed$c20150527$fTESTPROGRAM$fTESTPROGRAM Gold$iissue-level
=852  0\$aTESTINST1$bHDC$ctestprogram-trust
=866  30$80$a17(1975)-20, no.9(1978)

