=LDR  00713nx  a22001931n 4500
=003  TestILS
=004  991011598759703841
=007  ta
=001  221132985600003841
=008  1912315u\\\\0\\\0000ba\\\0\\\\\\
=005  20210520081217.80
=022  \\$a0082-0954
=035  \\$a(OCoLC)1607868
=245  00$aSpecial ceramics.
=583  \\$acommitted to retain$c20191231$dDecember 31, 2035$fTESTPROGRAM$fTESTPROGRAM Gold$uhttp://localhost/services/testprogram/docs/TESTPROGRAMProgramStatement.pdf
=583  \\$acompleteness reviewed$c20191231$fTESTPROGRAM$fTESTPROGRAM Gold$iissue level$lmissing issues$zmissing no.4(1967)-8(1986)
=583  \\$acondition reviewed$c20191231$fTESTPROGRAM$fTESTPROGRAM Gold$iissues level
=561  \\$aTESTINST1
=852  0\$aTESTINST1$bHDC$ctestprogram-trust$hTP785$i.S88
=866  30$80$a(1959), (1962), (1964)

