=LDR  00728nx  a22002051n 4500
=003  TestILS
=004  991016513709703841
=007  ta
=001  221033492950003841
=008  1708210u\\\00\\\001baa\\\0\\\\\\
=005  20210520081218.10
=022  \\$a0037-8089
=035  \\$a(OCoLC)2888936
=245  00$aSocial worker.
=583  \\$acommitted to retain$c20170821$dDecember 31, 2035$fTESTPROGRAM$fTESTPROGRAM Gold$uhttp://localhost/services/testprogram/docs/TESTPROGRAMProgramStatement.pdf
=583  \\$acompleteness reviewed$c20170821$fTESTPROGRAM$fTESTPROGRAM Gold$iissue-level
=583  \\$acondition reviewed$c20170821$fTESTPROGRAM$fTESTPROGRAM Gold$iissue-level$lmarginalia$zmarginalia v.43:3-4; v.44:1
=561  \\$aTESTINST1
=561  \\$aCDS
=852  0\$aTESTINST1$bHDC$ctestprogram-trust$hHV104 .S68
=866  30$80$a1(1932)-66, no.3(1998)

