=LDR  00644nx  a22001811n 4500
=003  TestILS
=004  991011477349703841
=007  ta
=001  221157487690003841
=008  2012020u\\\\0\\\0000ba\\\0\\\\\\
=005  20210520081217.68
=022  \\$a0095-8921
=035  \\$a(OCoLC)1481005
=245  00$aAmerica's textiles reporter/bulletin.
=583  \\$acommitted to retain$c20201202$dDecember 31, 2035$fTESTPROGRAM$fTESTPROGRAM Silver$uhttp://localhost/services/testprogram/docs/TESTPROGRAMProgramStatement.pdf
=583  \\$acompleteness reviewed$c20201202$fTESTPROGRAM$fTESTPROGRAM Silver$ivolume level$lmissing volumes$zmissing (1971)-(1974), v.7(1978)
=561  \\$aTESTINST1
=852  0\$aTESTINST1$bHDC$ctestprogram-trust$hTS1300$i.A37
=866  30$80$a4(1975)-12(1983)

