=LDR  00583nx  a22001811n 4500
=003  TestILS
=004  991011680389703841
=007  ta
=001  221157789480003841
=008  2012040u\\\\0\\\0000ba\\\0\\\\\\
=005  20210520081218.12
=022  \\$a0970-4841
=035  \\$a(OCoLC)1753701
=245  00$aInternational review of sociology.
=583  \\$acommitted to retain$c20201204$dDecember 31, 2035$fTESTPROGRAM$fTESTPROGRAM Silver$uhttp://localhost/services/testprogram/docs/TESTPROGRAMProgramStatement.pdf
=583  \\$acompleteness reviewed$c20201204$fTESTPROGRAM$fTESTPROGRAM Silver$ivolume level
=561  \\$aTESTINST1
=852  0\$aTESTINST1$bHDC$ctestprogram-trust$hHM1$i.I525x
=866  30$80$a1(1971)

