=LDR  00622nx  a22001811n 4500
=003  TestILS
=004  991011557739703841
=007  ta
=001  221066548200003841
=008  1805140u\\\\0\\\0000ba\\\0\\\\\\
=005  20210520081218.05
=022  \\$a0015-7090
=035  \\$a(OCoLC)1569699
=245  00$aForecast for home economics.
=583  \\$acommitted to retain$c20180514$dDecember 31, 2035$fTESTPROGRAM$fTESTPROGRAM Silver$uhttp://localhost/services/testprogram/docs/TESTPROGRAMProgramStatement.pdf
=583  \\$acompleteness reviewed$c20180514$fTESTPROGRAM$fTESTPROGRAM Silver$ivolume level$lmissing volumes$zmissing v.31:2
=561  \\$aTESTINST1
=852  0\$aTESTINST1$bHDC$ctestprogram-trust$hTX1 .P7
=866  30$80$a12(1966)-31(1986)

