=LDR  00753ny  a22002173n 4500
=001  22910095510003841
=003  TestILS
=004  991022355789703841
=005  20210520081217.37
=007  ta
=008  1305310u\\\\0\\\0001ba\\\0\\\\\\\\\\\\\\
=014  1\$a33275221$bOCoLC
=022  \\$a1095-158X
=030  \\$aPRJOF4
=035  \\$a(OCoLC)33275221
=035  \\$a(TestILS)c1318216x-01asu_inst
=245  00$aPsychiatric rehabilitation journal.
=561  \\$aTESTINST1
=583  \\$acommitted to retain$c20130531$dDecember 31, 2035$fTESTPROGRAM$fTESTPROGRAM Silver$uhttp://localhost/services/testprogram/docs/TESTPROGRAMProgramStatement.pdf
=583  \\$acompleteness reviewed$c20130531$fTESTPROGRAM$fTESTPROGRAM Silver$ivolume-level$lbinding patterns vary$zfor vols. 28-29 issues not bound together
=852  0\$aTESTINST1$bHDC$ctestprogram-trust
=866  30$80$a19(1995)-29(2005)

