=LDR  00712ny  a22002053n 4500
=001  22817000230003841
=003  TestILS
=004  991020858099703841
=005  20210520081217.85
=007  ta
=008  1305210u\\\\0\\\0001ba\\\0\\\\\\\\\\\\\\
=014  1\$a4707909$bOCoLC
=022  \\$a0038-478X
=035  \\$a(OCoLC)4707909
=035  \\$a(TestILS)c13180526-01asu_inst
=245  00$aSouthwestern historical quarterly.
=561  \\$aTESTINST1
=583  \\$acommitted to retain$c20130521$dDecember 31, 2035$fTESTPROGRAM$fTESTPROGRAM Silver$uhttp://localhost/services/testprogram/docs/TESTPROGRAMProgramStatement.pdf
=583  \\$acompleteness reviewed$c20130521$fTESTPROGRAM$fTESTPROGRAM Silver$ivolume-level$lReprints$zvols. 22-26 & 31 Reprints
=852  0\$aTESTINST1$bHDC$ctestprogram-trust$hF381$i.T45
=866  30$80$a16(1912)-109(2006)

