=LDR  00711ny  a22002173n 4500
=001  22818678920003841
=003  TestILS
=004  991008102249703841
=005  20210520081217.50
=007  ta
=008  1505010u\\\\0\\\0001ba\\\0\\\\\\\\\\\\\\
=014  1\$a5456406$bOCoLC
=022  0\$a0278-5633$l0278-5633
=030  \\$aRJCLDQ
=035  \\$a(OCoLC)5456406
=035  \\$a(TestILS)c13596561-01asu_inst
=245  00$aRutgers journal--computers, technology, and the law.
=561  \\$aOWS
=583  \\$acommitted to retain$c20150501$dDecember 31, 2035$fTESTPROGRAM$fTESTPROGRAM Silver$uhttp://localhost/services/testprogram/docs/TESTPROGRAMProgramStatement.pdf
=583  \\$acompleteness reviewed$c20150501$fTESTPROGRAM$fTESTPROGRAM Silver$ivolume-level
=852  0\$aTESTINST1$bHDC$ctestprogram-trust$hK22$i.U83
=866  30$80$a7(1979)-8, no.1(1981)

