=LDR  00705ny  a22002293n 4500
=001  22953935750003841
=003  TestILS
=004  991011473569703841
=005  20210520081217.67
=007  ta
=008  1206270u\\\\0\\\0001ba\\\0\\\\\\\\\\\\\\
=014  1\$a1480477$bOCoLC
=022  0\$a0003-0147
=030  \\$aAMNTA4
=035  \\$a(OCoLC)1480477
=035  \\$a(TestILS)c12807175-01asu_inst
=245  04$aThe American naturalist.
=561  \\$aTESTINST1
=561  \\$aUBY
=583  \\$acommitted to retain$c20120627$dDecember 31, 2035$fTESTPROGRAM$fTESTPROGRAM Silver$uhttp://localhost/services/testprogram/docs/TESTPROGRAMProgramStatement.pdf
=583  \\$acompleteness reviewed$c20120627$fTESTPROGRAM$fTESTPROGRAM Silver$ivolume-level
=852  0\$aTESTINST1$bHDC$ctestprogram-trust
=866  30$80$a1(1867)-166(2005)

