=LDR  00789    a2200229 n 4500
=001  22860378090003841
=003  TestILS
=004  991011885469703841
=005  20210520081217.66
=007  ta
=008  1505060u\\\\0\\\0001ba\\\0\\\\\\\\\\\\\\
=014  1\$a2204362$bOCoLC
=022  \\$a0362-1669
=030  \\$aJCTODH
=035  \\$a(OCoLC)2204362
=035  \\$a(TestILS)c13597292-01asu_inst
=245  04$aThe Journal of combustion toxicology.
=561  \\$aTESTINST1
=583  \\$acommitted to retain$c20150506$dDecember 31, 2035$fTESTPROGRAM$fTESTPROGRAM Gold$uhttp://localhost/services/testprogram/docs/TESTPROGRAMProgramStatement.pdf
=583  \\$acompleteness reviewed$c20150506$fTESTPROGRAM$fTESTPROGRAM Gold$iissue-level$lmissing volumes$zmissing vols. 3-4
=583  \\$acondition reviewed$c20150506$fTESTPROGRAM$fTESTPROGRAM Gold$iissue-level
=852  0\$aTESTINST1$bHDC$ctestprogram-trust
=866  30$80$a5(1978)-9(1982)

