=LDR  00762    a2200229 n 4500
=001  22864162570003841
=003  TestILS
=004  991011872399703841
=005  20210520081217.65
=007  ta
=008  1505010u\\\\0\\\0001ba\\\0\\\\\\\\\\\\\\
=014  1\$a2106502$bOCoLC
=022  \\$a0048-5195
=035  \\$a(OCoLC)2106502
=035  \\$a(TestILS)c13578522-01asu_inst
=245  00$aPrésence francophone.
=561  \\$aTESTINST1
=583  \\$acommitted to retain$c20150501$dDecember 31, 2035$fTESTPROGRAM$fTESTPROGRAM Gold$uhttp://localhost/services/testprogram/docs/TESTPROGRAMProgramStatement.pdf
=583  \\$acompleteness reviewed$c20150501$fTESTPROGRAM$fTESTPROGRAM Gold$iissue-level
=583  \\$acondition reviewed$c20150501$fTESTPROGRAM$fTESTPROGRAM Gold$iissue-level
=852  0\$aTESTINST1$bHDC$ctestprogram-trust
=866  30$80$ano.1(1970)-65(2005)
=867  30$80$a37(1990)

