=LDR  00518ny  a22001693n 4500
=003  TestILS
=004  991011896249703841
=005  20210520081217.67
=001  221042499390003841
=007  ta
=008  1709180u\\\\0\\\0001aa\\\0\\\\\\\\\\\\\8
=022  \\$a0305-215X
=035  \\$a(OCoLC)2241619
=245  00$aEngineering optimization.
=561  \\$aTESTINST1
=583  \\$acommitted to retain$c20170918$dDecember 31, 2035$fTESTPROGRAM$fTESTPROGRAM Bronze$uhttp://localhost/services/testprogram/docs/TESTPROGRAMProgramStatement.pdf
=852  0\$aTESTINST1$bHDC$ctestprogram-trust$hTA174 .E55
=866  30$80$a1(1974)-33(2001)

