=LDR  00691nx  a22001811n 4500
=003  TestILS
=004  991019067089703841
=007  ta
=001  221129978000003841
=008  1910315u\\\\0\\\0000ba\\\0\\\\\\
=005  20210520081217.72
=035  \\$a(OCoLC)17642043
=245  00$aMeans labor rates for the construction industry.
=583  \\$acommitted to retain$c20191031$dDecember 31, 2035$fTESTPROGRAM$fTESTPROGRAM Gold$uhttp://localhost/services/testprogram/docs/TESTPROGRAMProgramStatement.pdf
=583  \\$acompleteness reviewed$c20191031$fTESTPROGRAM$fTESTPROGRAM Gold$iissue level$lmissing issues$zmissing no.15(1988)-17(1990)
=583  \\$acondition reviewed$c20191031$fTESTPROGRAM$fTESTPROGRAM Gold$iissue level
=561  \\$aTESTINST1
=852  0\$aTESTINST1$bHDC$ctestprogram-trust$hHD4966.B92$iU43
=866  30$80$ano.18(1991)-23(1996)

