=LDR  00809    a2200253 n 4500
=001  22838248840003841
=003  TestILS
=004  991020245499703841
=005  20210520081217.82
=007  ta
=008  1404090u\\\\0\\\0001ba\\\0\\\\\\\\\\\\\\
=014  1\$a3947793$bOCoLC
=022  0\$a0705-5900
=030  \\$aATOCDA
=035  \\$a(OCoLC)3947793
=035  \\$a(TestILS)c13381210-01asu_inst
=245  00$aAtmosphere-ocean.
=561  \\$aTESTINST1
=561  \\$aUPP
=561  \\$aCSJ
=583  \\$acommitted to retain$c20140409$dDecember 31, 2035$fTESTPROGRAM$fTESTPROGRAM Gold$uhttp://localhost/services/testprogram/docs/TESTPROGRAMProgramStatement.pdf
=583  \\$acompleteness reviewed$c20140409$fTESTPROGRAM$fTESTPROGRAM Gold$iissue-level
=583  \\$acondition reviewed$c20140409$fTESTPROGRAM$fTESTPROGRAM Gold$iissue-level
=852  0\$aTESTINST1$bHDC$ctestprogram-trust$hQC851$i.A79x
=866  30$80$a16(1978)-43(2005)

