=LDR  00838    a2200229 n 4500
=001  22952396320003841
=003  TestILS
=004  991011680029703841
=005  20210520081218.12
=007  ta
=008  1403240u\\\\0\\\0001ba\\\0\\\\\\\\\\\\\\
=014  1\$a1753680$bOCoLC
=022  \\$a0074-7483
=035  \\$a(OCoLC)1753680
=035  \\$a(TestILS)c13379719-01asu_inst
=245  00$aInternational poster annual.
=561  \\$aTESTINST1
=561  \\$aAZU
=583  \\$acommitted to retain$c20140324$dDecember 31, 2035$fTESTPROGRAM$fTESTPROGRAM Gold$uhttp://localhost/services/testprogram/docs/TESTPROGRAMProgramStatement.pdf
=583  \\$acompleteness reviewed$c20140324$fTESTPROGRAM$fTESTPROGRAM Gold$iissue-level$lmissing volumes$zmissing vols. 2-3, 5-6, 9-11
=583  \\$acondition reviewed$c20140324$fTESTPROGRAM$fTESTPROGRAM Gold$iissue-level
=852  0\$aTESTINST1$bHDC$ctestprogram-trust
=866  30$80$a1(1948/49), 4(1952), 7(1956)-8(1959), 12(1965)-15(1973)

