=LDR  00854ny  a22002293n 4500
=001  22827712090003841
=003  TestILS
=004  991011799899703841
=005  20210520081217.98
=007  ta
=008  1306110u\\\\0\\\0001ba\\\0\\\\\\\\\\\\\\
=014  1\$a1785189$bOCoLC
=022  0\$a0090-4155
=022  0\$a0090-4155
=030  \\$aBHVMAX
=035  \\$a(OCoLC)1785189
=035  \\$a(TestILS)c13184568-01asu_inst
=245  00$aBehaviorism.
=561  \\$aTESTINST1
=583  \\$acommitted to retain$c20130611$dDecember 31, 2035$fTESTPROGRAM$fTESTPROGRAM Silver$uhttp://localhost/services/testprogram/docs/TESTPROGRAMProgramStatement.pdf
=583  \\$acompleteness reviewed$c20130611$fTESTPROGRAM$fTESTPROGRAM Silver$ivolume-level$lbinding patterns vary$zfor vols. 1-3, three volumes bound together as single piece; for all others, two volumes bound together as single piece
=852  0\$aTESTINST1$bHDC$ctestprogram-trust
=866  30$80$a1(1972)-17(1989)

