=LDR  00717    a2200205 n 4500
=001  22838506680003841
=003  TestILS
=004  991027140499703841
=005  20210520081217.69
=007  ta
=008  1605010u\\\\0\\\0001ba\\\0\\\\\\\\\\\\\\
=014  1\$a7322452$bOCoLC
=035  \\$a(OCoLC)7322452
=035  \\$a(TestILS)c13792271-01asu_inst
=245  00$aNewman's entomologist.
=561  \\$aTESTINST1
=583  \\$acommitted to retain$c20160501$dDecember 31, 2035$fTESTPROGRAM$fTESTPROGRAM Gold$uhttp://localhost/services/testprogram/docs/TESTPROGRAMProgramStatement.pdf
=583  \\$acompleteness reviewed$c20160501$fTESTPROGRAM$fTESTPROGRAM Gold$iissue-level
=583  \\$acondition reviewed$c20160501$fTESTPROGRAM$fTESTPROGRAM Gold$iissue-level
=852  0\$aTESTINST1$bHDC$ctestprogram-trust$hQL461$i.E75
=866  30$80$a4(1869)-9(1876)

