=LDR  00812    a2200229 n 4500
=001  22965047080003841
=003  TestILS
=004  991044045359703841
=005  20210520081217.51
=007  ta
=008  1306100u\\\\0\\\0001ba\\\0\\\\\\\\\\\\\\
=014  1\$a31807970$bOCoLC
=022  0\$a1080-5494
=035  \\$a(OCoLC)31807970
=035  \\$a(TestILS)c13183709-01asu_inst
=245  00$aSociolinguistics in deaf communities.
=561  \\$aTESTINST1
=561  \\$aORZ
=583  \\$acommitted to retain$c20130610$dDecember 31, 2035$fTESTPROGRAM$fTESTPROGRAM Gold$uhttp://localhost/services/testprogram/docs/TESTPROGRAMProgramStatement.pdf
=583  \\$acompleteness reviewed$c20130610$fTESTPROGRAM$fTESTPROGRAM Gold$iissue-level
=583  \\$acondition reviewed$c20130610$fTESTPROGRAM$fTESTPROGRAM Gold$iissue-level$lhighlighting/underlining$zfor vol. 3, penmarks throughout
=852  0\$aTESTINST1$bHDC$ctestprogram-trust
=866  30$80$a1(1995)-11(2005)

