=LDR  00705nx  a22001811n 4500
=003  TestILS
=004  991025109829703841
=007  ta
=001  221145008960003841
=008  2005315u\\\\0\\\0000ba\\\0\\\\\\
=005  20210520081217.41
=035  \\$a(OCoLC)6546670
=245  00$aRevista colombiana de folclor :$bórgano del Instituto Colombiano de Antropología.
=583  \\$acommitted to retain$c20200531$dDecember 31, 2035$fTESTPROGRAM$fTESTPROGRAM Gold$uhttp://localhost/services/testprogram/docs/TESTPROGRAMProgramStatement.pdf
=583  \\$acompleteness reviewed$c20200511$fTESTPROGRAM$fTESTPROGRAM Gold$iissue level$lmissing issues$zmissing ser.2, no.8 (1963)-no.10(1966/1969)
=583  \\$acondition reviewed$c20200531$fTESTPROGRAM$fTESTPROGRAM Gold$iissue level
=561  \\$aTESTINST1
=852  0\$aTESTINST1$bHDC$ctestprogram-trust$hGR1$i.R295
=866  30$80$aser.2, no.3(1959)-7(1962)

