=LDR  00662ny  a22002053n 4500
=001  22831035950003841
=003  TestILS
=004  991008749769703841
=005  20210520081217.53
=007  ta
=008  1605090u\\\\0\\\0001ba\\\0\\\\\\\\\\\\\\
=014  1\$a1133190$bOCoLC
=022  0\$a0010-7069
=035  \\$a(OCoLC)1133190
=035  \\$a(TestILS)c13794073-01asu_inst
=245  00$aConsultant.
=561  \\$aTESTINST1
=583  \\$acommitted to retain$c20160509$dDecember 31, 2035$fTESTPROGRAM$fTESTPROGRAM Silver$uhttp://localhost/services/testprogram/docs/TESTPROGRAMProgramStatement.pdf
=583  \\$acompleteness reviewed$c20160509$fTESTPROGRAM$fTESTPROGRAM Silver$ivolume-level
=852  0\$aTESTINST1$bHDC$ctestprogram-trust
=866  30$80$a26(1986)-45(2005)

