=LDR  00637nx  a22001811n 4500
=003  TestILS
=004  991032288009703841
=007  ta
=001  221147858700003841
=008  2006305u\\\\0\\\0000ba\\\0\\\\\\
=005  20210520081217.58
=035  \\$a(OCoLC)9783197
=245  00$aDeutsche Bibliographie.$pZeitschriften /$cbearbeitet von der Deutschen Bibliothek, Frankfurt a.M.
=583  \\$acommitted to retain$c20200630$dDecember 31, 2035$fTESTPROGRAM$fTESTPROGRAM Gold$uhttp://localhost/services/testprogram/docs/TESTPROGRAMProgramStatement.pdf
=583  \\$acompleteness reviewed$c20200630$fTESTPROGRAM$fTESTPROGRAM Gold$iissue level
=583  \\$acondition reviewed$c20200630$fTESTPROGRAM$fTESTPROGRAM Gold$iissue level
=561  \\$aTESTINST1
=852  0\$aTESTINST1$bHDC$ctestprogram-trust$hPN5214.P4$iD48x
=866  30$80$a(1945)-(1952)

