=LDR  00806ny  a22002413n 4500
=001  22953960000003841
=003  TestILS
=004  991011473889703841
=005  20210520081217.67
=007  ta
=008  1206270u\\\\0\\\0001ba\\\0\\\\\\\\\\\\\\
=014  1\$a1480557$bOCoLC
=022  \\$a0003-049X
=035  \\$a(OCoLC)1480557
=035  \\$a(TestILS)c12807217-01asu_inst
=245  00$aProceedings of the American Philosophical Society held at Philadelphia for promoting useful knowledge.
=561  \\$aTESTINST1
=561  \\$aCDS
=561  \\$aCRU
=583  \\$acommitted to retain$c20120627$dDecember 31, 2035$fTESTPROGRAM$fTESTPROGRAM Silver$uhttp://localhost/services/testprogram/docs/TESTPROGRAMProgramStatement.pdf
=583  \\$acompleteness reviewed$c20120627$fTESTPROGRAM$fTESTPROGRAM Silver$ivolume-level$lmissing volumes$zmissing vols. 55-57
=852  0\$aTESTINST1$bHDC$ctestprogram-trust$hQ11$i.P5
=866  30$80$a1(1838)-54(1915), 58(1919)-149(2005)
=868  30$80$a1(1838)-125(1981)

