=LDR  00857    a2200217 n 4500
=001  22939889910003841
=003  TestILS
=004  991011695819703841
=005  20210520081217.86
=007  ta
=008  1404160u\\\\0\\\0001ba\\\0\\\\\\\\\\\\\\
=014  1\$a1757019$bOCoLC
=022  \\$a0025-7508
=035  \\$a(OCoLC)1757019
=035  \\$a(TestILS)c1340183x-01asu_inst
=245  00$aMedical research engineering.
=561  \\$aTESTINST1
=583  \\$acommitted to retain$c20140416$dDecember 31, 2035$fTESTPROGRAM$fTESTPROGRAM Gold$uhttp://localhost/services/testprogram/docs/TESTPROGRAMProgramStatement.pdf
=583  \\$acompleteness reviewed$c20140416$fTESTPROGRAM$fTESTPROGRAM Gold$iissue-level$lmissing volumes$zmissing vols. 11-12$lbinding patterns vary$zvol. 5-6, 8-9 bound together
=583  \\$acondition reviewed$c20140416$fTESTPROGRAM$fTESTPROGRAM Gold$iissue-level
=852  0\$aTESTINST1$bHDC$ctestprogram-trust$hR895.A1$iA75
=866  30$80$a5, no.2(1966)-10(1971), 13(1979/1980)

