=LDR  00680nx  a22002051n 4500
=003  TestILS
=004  991035477919703841
=007  ta
=001  221095815620003841
=008  1810265u\\\\0\\\0000ba\\\0\\\\\\
=005  20210520081218.01
=022  \\$a0257-912X
=035  \\$a(OCoLC)11855715
=245  00$aVaccination certificate requirements and health advice for international travel.
=583  \\$acommitted to retain$c20181026$dDecember 31, 2035$fTESTPROGRAM$fTESTPROGRAM Gold$uhttp://localhost/services/testprogram/docs/TESTPROGRAMProgramStatement.pdf
=583  \\$acompleteness reviewed$c20181026$fTESTPROGRAM$fTESTPROGRAM Gold$iissue level
=583  \\$acondition reviewed$c20181026$fTESTPROGRAM$fTESTPROGRAM Gold$iissue level
=561  \\$aTESTINST1
=561  \\$aOKS
=852  0\$aTESTINST1$bHDC$ctestprogram-trust$hRA638$i.W6x
=866  30$80$a(1985)-(1988)

