=LDR  00677ny  a22002053n 4500
=001  22892499580003841
=003  TestILS
=004  991042393919703841
=005  20210520081217.59
=007  ta
=008  1505220u\\\\0\\\0001ba\\\0\\\\\\\\\\\\\\
=014  1\$a19993541$bOCoLC
=022  \\$a0041-5278
=035  \\$a(OCoLC)19993541
=035  \\$a(TestILS)c1360496x-01asu_inst
=245  14$aThe Unesco courier.
=561  \\$aTESTINST1
=583  \\$acommitted to retain$c20150522$dDecember 31, 2035$fTESTPROGRAM$fTESTPROGRAM Silver$uhttp://localhost/services/testprogram/docs/TESTPROGRAMProgramStatement.pdf
=583  \\$acompleteness reviewed$c20150522$fTESTPROGRAM$fTESTPROGRAM Silver$ivolume-level
=852  0\$aTESTINST1$bHDC$ctestprogram-trust$hAS4.U8$iA14
=866  30$80$a42(1989)-54(2001)

