=LDR  00591nx  a22001811n 4500
=003  TestILS
=004  991011617699703841
=007  ta
=001  221065849970003841
=008  1805040u\\\\0\\\0000ba\\\0\\\\\\
=005  20210520081217.91
=022  \\$a0031-2037
=035  \\$a(OCoLC)1641889
=245  04$aThe Paris review.
=583  \\$acommitted to retain$c20180504$dDecember 31, 2035$fTESTPROGRAM$fTESTPROGRAM Silver$uhttp://localhost/services/testprogram/docs/TESTPROGRAMProgramStatement.pdf
=583  \\$acompleteness reviewed$c20180504$fTESTPROGRAM$fTESTPROGRAM Silver$ivolume level
=561  \\$aTESTINST1
=852  0\$aTESTINST1$bHDC$ctestprogram-trust$hAP4$i.P245
=866  30$80$a1(1953)-47(2005)

