=LDR  00800    a2200217 n 4500
=001  22851489670003841
=003  TestILS
=004  991041209139703841
=005  20210520081217.59
=007  ta
=008  1605200u\\\\0\\\0001ba\\\0\\\\\\\\\\\\\\
=014  1\$a19356826$bOCoLC
=022  \\$a0187-487X
=035  \\$a(OCoLC)19356826
=035  \\$a(TestILS)c13831963-01asu_inst
=245  03$aLa industria petrolera en México.
=561  \\$aTESTINST1
=583  \\$acommitted to retain$c20160520$dDecember 31, 2035$fTESTPROGRAM$fTESTPROGRAM Gold$uhttp://localhost/services/testprogram/docs/TESTPROGRAMProgramStatement.pdf
=583  \\$acompleteness reviewed$c20160520$fTESTPROGRAM$fTESTPROGRAM Gold$iissue-level$lmissing volumes$zmissing 1984-1985, 1987-1990
=583  \\$acondition reviewed$c20160520$fTESTPROGRAM$fTESTPROGRAM Gold$iissue-level
=852  0\$aTESTINST1$bHDC$ctestprogram-trust
=866  30$80$a(1979)-(1980), (1986), (1991)-(1993)

