=LDR  00730ny  a22002293n 4500
=001  22868873460003841
=003  TestILS
=004  991011888369703841
=005  20210520081217.66
=007  ta
=008  1404160u\\\\0\\\0001ba\\\0\\\\\\\\\\\\\\
=014  1\$a2230151$bOCoLC
=022  0\$a0033-3670
=035  \\$a(OCoLC)2230151
=035  \\$a(TestILS)c13395993-01asu_inst
=245  04$aThe Public relations journal.
=561  \\$aTESTINST1
=561  \\$aUUS
=561  \\$aKKS
=583  \\$acommitted to retain$c20140416$dDecember 31, 2035$fTESTPROGRAM$fTESTPROGRAM Silver$uhttp://localhost/services/testprogram/docs/TESTPROGRAMProgramStatement.pdf
=583  \\$acompleteness reviewed$c20140416$fTESTPROGRAM$fTESTPROGRAM Silver$ivolume-level$lReprints$zvol. 1-6 Reprints
=852  0\$aTESTINST1$bHDC$ctestprogram-trust
=866  30$80$a1(1945)-51(1995)

