=LDR  00743    a2200205 n 4500
=001  22892493350003841
=003  TestILS
=004  991042394029703841
=005  20210520081217.59
=007  ta
=008  1308280u\\\\0\\\0001ba\\\0\\\\\\\\\\\\\\
=014  1\$a19998241$bOCoLC
=035  \\$a(OCoLC)19998241
=035  \\$a(TestILS)c13245740-01asu_inst
=245  10$aConference on Tax Planning for 501(c)(3) Organizations :$b[proceedings] /$cNew York University.
=561  \\$aAZC
=583  \\$acommitted to retain$c20130828$dDecember 31, 2035$fTESTPROGRAM$fTESTPROGRAM Gold$uhttp://localhost/services/testprogram/docs/TESTPROGRAMProgramStatement.pdf
=583  \\$acompleteness reviewed$c20130828$fTESTPROGRAM$fTESTPROGRAM Gold$iissue-level$lmissing pages$zv.20 missing pages
=583  \\$acondition reviewed$c20130828$fTESTPROGRAM$fTESTPROGRAM Gold$iissue-level
=852  0\$aTESTINST1$bHDC$ctestprogram-trust
=866  30$80$a17(1989)-27(1999)

