=LDR  00709    a2200205 n 4500
=001  22905886740003841
=003  TestILS
=004  991033254539703841
=005  20210520081218.04
=007  ta
=008  1605200u\\\\0\\\0001ba\\\0\\\\\\\\\\\\\\
=014  1\$a21213670$bOCoLC
=035  \\$a(OCoLC)21213670
=035  \\$a(TestILS)c13794644-01asu_inst
=245  10$aActes du ... Congrès international de photographie et cinématographie ultra-rapides.
=561  \\$aTESTINST1
=583  \\$acommitted to retain$c20160520$dDecember 31, 2035$fTESTPROGRAM$fTESTPROGRAM Gold$uhttp://localhost/services/testprogram/docs/TESTPROGRAMProgramStatement.pdf
=583  \\$acompleteness reviewed$c20160520$fTESTPROGRAM$fTESTPROGRAM Gold$iissue-level
=583  \\$acondition reviewed$c20160520$fTESTPROGRAM$fTESTPROGRAM Gold$iissue-level
=852  0\$aTESTINST1$bHDC$ctestprogram-trust$hTR593$i.I5
=866  30$80$a(1954)

