=LDR  00720nx  a22001811n 4500
=003  TestILS
=004  991045601269703841
=007  ta
=001  221157486040003841
=008  2012040u\\\\0\\\0000ba\\\0\\\\\\
=005  20210520081218.07
=022  \\$a1050-320X
=035  \\$a(OCoLC)36741608
=245  04$aThe weekly corporate growth report.
=583  \\$acommitted to retain$c20201204$dDecember 31, 2035$fTESTPROGRAM$fTESTPROGRAM Silver$uhttp://localhost/services/testprogram/docs/TESTPROGRAMProgramStatement.pdf
=583  \\$acompleteness reviewed$c20201204$fTESTPROGRAM$fTESTPROGRAM Silver$ivolume level$lmissing volumes$zmissing no.1091, 1132, 1228
=561  \\$aTESTINST1
=852  0\$aTESTINST1$bHDC$ctestprogram-trust$hHD2746.5$i.J69x
=866  30$80$ano. 927(1997)-1090(2000), 1092(2000)-1131(2001), 1133(2001)-1227(2003), 1229(2003)-1532(2009)

