=LDR  00691ny  a22002173n 4500
=001  22940139570003841
=003  TestILS
=004  991011689449703841
=005  20210520081218.13
=007  ta
=008  1401060u\\\\0\\\0001ba\\\0\\\\\\\\\\\\\\
=014  1\$a1755318$bOCoLC
=022  \\$a0023-5393
=035  \\$a(OCoLC)1755318
=035  \\$a(TestILS)c13303478-01asu_inst
=245  00$aKunst des Orients.
=561  \\$aTESTINST1
=561  \\$aAZU
=583  \\$acommitted to retain$c20140106$dDecember 31, 2035$fTESTPROGRAM$fTESTPROGRAM Silver$uhttp://localhost/services/testprogram/docs/TESTPROGRAMProgramStatement.pdf
=583  \\$acompleteness reviewed$c20140106$fTESTPROGRAM$fTESTPROGRAM Silver$ivolume-level
=852  0\$aTESTINST1$bHDC$ctestprogram-trust$hN8$i.K88
=866  30$80$a1(1950)-12(1979)

