=LDR  00847    a2200229 n 4500
=001  22880201250003841
=003  TestILS
=004  991011900539703841
=005  20210520081217.88
=007  ta
=008  1605200u\\\\0\\\0001ba\\\0\\\\\\\\\\\\\\
=014  1\$a2243256$bOCoLC
=022  \\$a0099-037X
=035  \\$a(OCoLC)2243256
=035  \\$a(TestILS)c13832323-01asu_inst
=245  00$aProgress in behavior modification.
=561  \\$aTESTINST1
=561  \\$aCDS
=583  \\$acommitted to retain$c20160520$dDecember 31, 2035$fTESTPROGRAM$fTESTPROGRAM Gold$uhttp://localhost/services/testprogram/docs/TESTPROGRAMProgramStatement.pdf
=583  \\$acompleteness reviewed$c20160520$fTESTPROGRAM$fTESTPROGRAM Gold$iissue-level$lmissing volumes$zmissing v.1; v.9
=583  \\$acondition reviewed$c20160520$fTESTPROGRAM$fTESTPROGRAM Gold$iissue-level$lmarginalia$zmarginalia v.4
=852  0\$aTESTINST1$bHDC$ctestprogram-trust$hBF637.B4$iP66
=866  30$80$a2(1976)-8(1979), 10(1980)-30(1996)

