=LDR  00688ny  a22001933n 4500
=001  22825758150003841
=003  TestILS
=004  991032284679703841
=005  20210520081217.58
=007  ta
=008  1605200u\\\\0\\\0001ba\\\0\\\\\\\\\\\\\\
=014  1\$a7210014$bOCoLC
=035  \\$a(OCoLC)7210014
=035  \\$a(TestILS)c13831872-01asu_inst
=245  00$aSTWE review.
=561  \\$aWAU
=583  \\$acommitted to retain$c20160520$dDecember 31, 2035$fTESTPROGRAM$fTESTPROGRAM Silver$uhttp://localhost/services/testprogram/docs/TESTPROGRAMProgramStatement.pdf
=583  \\$acompleteness reviewed$c20160520$fTESTPROGRAM$fTESTPROGRAM Silver$ivolume-level$lmissing volumes$zmissing v.5; v.6:1
=852  0\$aTESTINST1$bHDC$ctestprogram-trust$hT11$i.S2
=866  30$80$a6(1959)-7 no.1-2(1960)

