=LDR  00682ny  a22001933n 4500
=001  22851693870003841
=003  TestILS
=004  991014814039703841
=005  20210520081218.10
=007  ta
=008  1405150u\\\\0\\\0001ba\\\0\\\\\\\\\\\\\\
=014  1\$a5784803$bOCoLC
=035  \\$a(OCoLC)5784803
=035  \\$a(TestILS)c13404878-01asu_inst
=245  10$aResearch review :$bthe research publication of the Institute of Education, University of Durham.
=561  \\$aTESTINST1
=583  \\$acommitted to retain$c20140515$dDecember 31, 2035$fTESTPROGRAM$fTESTPROGRAM Silver$uhttp://localhost/services/testprogram/docs/TESTPROGRAMProgramStatement.pdf
=583  \\$acompleteness reviewed$c20140515$fTESTPROGRAM$fTESTPROGRAM Silver$ivolume-level$lmissing volumes$zmissing no. 1, 4
=852  0\$aTESTINST1$bHDC$ctestprogram-trust$hL16$i.D8
=866  30$80$ano.2(1951)-3(1952)

