=LDR  00708ny  a22002053n 4500
=001  22839667430003841
=003  TestILS
=004  991033883259703841
=005  20210520081218.00
=007  ta
=008  1605200u\\\\0\\\0001ba\\\0\\\\\\\\\\\\\\
=014  1\$a10934969$bOCoLC
=022  \\$a0265-9999
=035  \\$a(OCoLC)10934969
=035  \\$a(TestILS)c13832499-01asu_inst
=245  00$aSenior nurse.
=561  \\$aTESTINST1
=583  \\$acommitted to retain$c20160520$dDecember 31, 2035$fTESTPROGRAM$fTESTPROGRAM Silver$uhttp://localhost/services/testprogram/docs/TESTPROGRAMProgramStatement.pdf
=583  \\$acompleteness reviewed$c20160520$fTESTPROGRAM$fTESTPROGRAM Silver$ivolume-level$lmissing volumes$zmissing v.1-2
=852  0\$aTESTINST1$bHDC$ctestprogram-trust$hRT89$i.S46x
=866  30$80$a3(1985)-14(1994)

