=LDR  00672ny  a22001933n 4500
=001  22918947150003841
=003  TestILS
=004  991025064609703841
=005  20210520081217.43
=007  ta
=008  1705080u\\\\0\\\0001ba\\\0\\\\\\\\\\\\\\
=014  1\$a6049528$bOCoLC
=035  \\$a(OCoLC)6049528
=035  \\$a(TestILS)c14146927-01asu_inst
=245  00$aPersonnel & training management.
=561  \\$aTESTINST1
=583  \\$acommitted to retain$c20170508$dDecember 31, 2035$fTESTPROGRAM$fTESTPROGRAM Silver$uhttp://localhost/services/testprogram/docs/TESTPROGRAMProgramStatement.pdf
=583  \\$acompleteness reviewed$c20170508$fTESTPROGRAM$fTESTPROGRAM Silver$ivolume-level$lmissing volumes$zmissing 1968
=852  0\$aTESTINST1$bHDC$ctestprogram-trust
=866  30$80$a(1967) NOV-DEC; (1969)

