=LDR  00799    a2200229 n 4500
=001  22830149250003841
=003  TestILS
=004  991032299199703841
=005  20210520081218.03
=007  ta
=008  1505060u\\\\0\\\0001ba\\\0\\\\\\\\\\\\\\
=014  1\$a9952931$bOCoLC
=022  \\$a0885-7318
=035  \\$a(OCoLC)9952931
=035  \\$a(TestILS)c13597401-01asu_inst
=245  10$aPrice Waterhouse review.
=561  \\$aTESTINST1
=561  \\$aWYU
=583  \\$acommitted to retain$c20150506$dDecember 31, 2035$fTESTPROGRAM$fTESTPROGRAM Gold$uhttp://localhost/services/testprogram/docs/TESTPROGRAMProgramStatement.pdf
=583  \\$acompleteness reviewed$c20150506$fTESTPROGRAM$fTESTPROGRAM Gold$iissue-level$lmissing issues$zmissing vol. 28 issue 3
=583  \\$acondition reviewed$c20150506$fTESTPROGRAM$fTESTPROGRAM Gold$iissue-level
=852  0\$aTESTINST1$bHDC$ctestprogram-trust
=866  30$80$a24(1979)-29, no.2(1985)

