=LDR  00633nx  a22001691n 4500
=003  TestILS
=004  991025097769703841
=007  ta
=001  221157079470003841
=008  2011180u\\\\0\\\0000ba\\\0\\\\\\
=005  20210520081217.41
=035  \\$a(OCoLC)6415675
=245  14$aThe manager.
=583  \\$acommitted to retain$c20201118$dDecember 31, 2035$fTESTPROGRAM$fTESTPROGRAM Silver$uhttp://localhost/services/testprogram/docs/TESTPROGRAMProgramStatement.pdf
=583  \\$acompleteness reviewed$c20201118$fTESTPROGRAM$fTESTPROGRAM Silver$ivolume level$lmissing volumes$zmissing v.18:6(1950)-v.27(1959), v.34:1-2(1966)
=561  \\$aTESTINST1
=852  0\$aTESTINST1$bHDC$ctestprogram-trust$hHD28$i.I46x
=866  30$80$a28(1960)-33(1965)

