=LDR  00763    a2200229 n 4500
=001  22879057660003841
=003  TestILS
=004  991011904859703841
=005  20210520081217.88
=007  ta
=008  1402200u\\\\0\\\0001ba\\\0\\\\\\\\\\\\\\
=014  1\$a2244647$bOCoLC
=022  \\$a0308-1508
=035  \\$a(OCoLC)2244647
=035  \\$a(TestILS)c13348942-01asu_inst
=245  00$aBuilt environment quarterly.
=561  \\$aTESTINST1
=561  \\$aWAU
=583  \\$acommitted to retain$c20140220$dDecember 31, 2035$fTESTPROGRAM$fTESTPROGRAM Gold$uhttp://localhost/services/testprogram/docs/TESTPROGRAMProgramStatement.pdf
=583  \\$acompleteness reviewed$c20140220$fTESTPROGRAM$fTESTPROGRAM Gold$iissue-level
=583  \\$acondition reviewed$c20140220$fTESTPROGRAM$fTESTPROGRAM Gold$iissue-level
=852  0\$aTESTINST1$bHDC$ctestprogram-trust$hNA1$i.O374x
=866  30$80$a1(1975)-4(1978)

