=LDR  00719nx  a22001931n 4500
=003  TestILS
=004  991011536509703841
=007  ta
=001  221049889750003841
=008  1801030u\\\\0\\\0000ba\\\0\\\\\\
=005  20210520081217.94
=022  \\$a0011-5673
=035  \\$a(OCoLC)1565819
=245  00$aDairy record.
=583  \\$acommitted to retain$c20180103$dDecember 31, 2035$fTESTPROGRAM$fTESTPROGRAM Silver$uhttp://localhost/services/testprogram/docs/TESTPROGRAMProgramStatement.pdf
=583  \\$acompleteness reviewed$c20180103$fTESTPROGRAM$fTESTPROGRAM Silver$ivolume level$lmissing volumes$zmissing v.1-28, 31, 54-59, 66-81
=561  \\$aTESTINST1
=561  \\$aORE
=852  0\$aTESTINST1$bHDC$ctestprogram-trust$hSF221 .D4
=866  30$80$a29(1928)-30(1930), 32(1931)-53(1952), 60(1959)-65(1964), 82(1981)-86(1985)

