=LDR  00746    a2200205 n 4500
=001  22933303350003841
=003  TestILS
=004  991030472509703841
=005  20210520081217.46
=007  ta
=008  1505290u\\\\0\\\0001ba\\\0\\\\\\\\\\\\\\
=014  1\$a9985604$bOCoLC
=035  \\$a(OCoLC)9985604
=035  \\$a(TestILS)c13645973-01asu_inst
=245  00$aRevue biblique trimestrielle.
=561  \\$aIYU
=583  \\$acommitted to retain$c20150529$dDecember 31, 2035$fTESTPROGRAM$fTESTPROGRAM Gold$uhttp://localhost/services/testprogram/docs/TESTPROGRAMProgramStatement.pdf
=583  \\$acompleteness reviewed$c20150529$fTESTPROGRAM$fTESTPROGRAM Gold$iissue-level$lReprints$zvols. 1-3 Reprints
=583  \\$acondition reviewed$c20150529$fTESTPROGRAM$fTESTPROGRAM Gold$iissue-level
=852  0\$aTESTINST1$bHDC$ctestprogram-trust$hBS410$i.R3
=866  30$80$a1(1892)-3(1894)

