=LDR  00656nx  a22001811n 4500
=003  TestILS
=004  991030597839703841
=007  ta
=001  221157789690003841
=008  2012040u\\\\0\\\0000ba\\\0\\\\\\
=005  20210520081217.58
=022  \\$a0738-4343
=035  \\$a(OCoLC)9600094
=245  00$aWall Street computer review.
=583  \\$acommitted to retain$c20201204$dDecember 31, 2035$fTESTPROGRAM$fTESTPROGRAM Silver$uhttp://localhost/services/testprogram/docs/TESTPROGRAMProgramStatement.pdf
=583  \\$acompleteness reviewed$c20201204$fTESTPROGRAM$fTESTPROGRAM Silver$ivolume level$lmissing volumes$zmissing v.1:3,6(1983/84) and v.5:8-12(1988)
=561  \\$aTESTINST1
=852  0\$aTESTINST1$bHDC$ctestprogram-trust$hHG4515.5$i.W35
=866  30$80$a1(1983)-9(1992)

