=LDR  00768    a2200217 n 4500
=001  22914137390003841
=003  TestILS
=004  991023128849703841
=005  20210520081217.77
=007  ta
=008  1505220u\\\\0\\\0001ba\\\0\\\\\\\\\\\\\\
=014  1\$a18390459$bOCoLC
=022  0\$a1040-3604
=035  \\$a(OCoLC)18390459
=035  \\$a(TestILS)c13604697-01asu_inst
=245  04$aThe hunger report.
=561  \\$aTESTINST1
=583  \\$acommitted to retain$c20150522$dDecember 31, 2035$fTESTPROGRAM$fTESTPROGRAM Gold$uhttp://localhost/services/testprogram/docs/TESTPROGRAMProgramStatement.pdf
=583  \\$acompleteness reviewed$c20150522$fTESTPROGRAM$fTESTPROGRAM Gold$iissue-level$lmissing volumes$zmissing 1988, 1991
=583  \\$acondition reviewed$c20150522$fTESTPROGRAM$fTESTPROGRAM Gold$iissue-level
=852  0\$aTESTINST1$bHDC$ctestprogram-trust
=866  30$80$a(1993), (1995)

