=LDR  00826    a2200229 n 4500
=001  22899135240003841
=003  TestILS
=004  991011625279703841
=005  20210520081217.91
=007  ta
=008  1505010u\\\\0\\\0001ba\\\0\\\\\\\\\\\\\\
=014  1\$a1643552$bOCoLC
=022  \\$a0044-2356
=035  \\$a(OCoLC)1643552
=035  \\$a(TestILS)c13595945-01asu_inst
=245  00$aZeitschrift für Balkanologie.
=561  \\$aTESTINST1
=583  \\$acommitted to retain$c20150501$dDecember 31, 2035$fTESTPROGRAM$fTESTPROGRAM Gold$uhttp://localhost/services/testprogram/docs/TESTPROGRAMProgramStatement.pdf
=583  \\$acompleteness reviewed$c20150501$fTESTPROGRAM$fTESTPROGRAM Gold$iissue-level$lmissing issues$zmissing vol. 10 issue 2; vol. 12 issue 2
=583  \\$acondition reviewed$c20150501$fTESTPROGRAM$fTESTPROGRAM Gold$iissue-level
=852  0\$aTESTINST1$bHDC$ctestprogram-trust
=866  30$80$a1(1962)-41(2005)
=867  30$80$a25(1989)-27(1991)

