=LDR  00597nx  a22001691n 4500
=003  TestILS
=004  991048413098503841
=007  ta
=001  221116598400003841
=008  1905310u\\\\0\\\0000ba\\\0\\\\\\
=005  20210520081217.93
=035  \\$a(OCoLC)9494320
=245  10$aProfitable Advertising.
=583  \\$acommitted to retain$c20190531$dDecember 31, 2035$fTESTPROGRAM$fTESTPROGRAM Silver$uhttp://localhost/services/testprogram/docs/TESTPROGRAMProgramStatement.pdf
=583  \\$acompleteness reviewed$c20190531$fTESTPROGRAM$fTESTPROGRAM Silver$ivolume level$lmissing volumes$zmissing v.1-18:6
=561  \\$aORE
=852  0\$aTESTINST1$bHDC$ctestprogram-trust$hHF5801$i.P76
=866  30$80$a18(1908/09)

