=LDR  00702nx  a22001931n 4500
=003  TestILS
=004  991011464459703841
=007  ta
=001  221153825690003841
=008  2103315u\\\\0\\\0000ba\\\0\\\\\\
=005  20210520081217.67
=022  \\$a0568-9104
=035  \\$a(OCoLC)1479036
=245  00$aAlberta anthropologist.
=583  \\$acommitted to retain$c20210331$d20351231$fTESTPROGRAM$fTESTPROGRAM Gold$uhttp://localhost/services/testprogram/docs/TESTPROGRAMProgramStatement.pdf
=583  \\$acompleteness reviewed$c20210331$fTESTPROGRAM$fTESTPROGRAM Gold$iissue level$lmissing issues$zmissing v.1:1(1967), v.2:1,3(1968)
=583  \\$acondition reviewed$c20210331$fTESTPROGRAM$fTESTPROGRAM Gold$iissue level
=561  \\$aTESTINST1
=852  0\$aTESTINST1$bHDC$ctestprogram-trust$hGN1$i.A4x
=866  30$80$a1(1967)-2(1968)

