=LDR  00666ny  a22002053n 4500
=001  22822035450003841
=003  TestILS
=004  991011545439703841
=005  20210520081217.95
=007  ta
=008  1205020u\\\\0\\\0001ba\\\0\\\\\\\\\\\\\\
=014  1\$a1567583$bOCoLC
=022  \\$a0013-1725
=035  \\$a(OCoLC)1567583
=035  \\$a(TestILS)c12689567-01asu_inst
=245  04$aThe Educational forum.
=561  \\$aTESTINST1
=583  \\$acommitted to retain$c20130531$dDecember 31, 2035$fTESTPROGRAM$fTESTPROGRAM Silver$uhttp://localhost/services/testprogram/docs/TESTPROGRAMProgramStatement.pdf
=583  \\$acompleteness reviewed$c20130531$fTESTPROGRAM$fTESTPROGRAM Silver$ivolume-level
=852  0\$aTESTINST1$bHDC$ctestprogram-trust
=866  30$80$a1(1936/1937)-70(2006)

