=LDR  00826    a2200217 n 4500
=001  22948291510003841
=003  TestILS
=004  991025103879703841
=005  20210520081217.41
=007  ta
=008  1405080u\\\\0\\\0001ba\\\0\\\\\\\\\\\\\\
=014  1\$a6474322$bOCoLC
=035  \\$a(OCoLC)6474322
=035  \\$a(TestILS)c13403072-01asu_inst
=245  00$aMichigan official directory and legislative manual for the years ...
=561  \\$aTESTINST1
=561  \\$aKKS
=583  \\$acommitted to retain$c20140508$dDecember 31, 2035$fTESTPROGRAM$fTESTPROGRAM Gold$uhttp://localhost/services/testprogram/docs/TESTPROGRAMProgramStatement.pdf
=583  \\$acompleteness reviewed$c20140508$fTESTPROGRAM$fTESTPROGRAM Gold$iissue-level$lmissing volumes$zmissing 1901-1904, 1905-1932, 1939-1944
=583  \\$acondition reviewed$c20140508$fTESTPROGRAM$fTESTPROGRAM Gold$iissue-level
=852  0\$aTESTINST1$bHDC$ctestprogram-trust
=866  30$80$a(1905/06), (1933/1934)-(1937/1938), (1945/1946)-(1951/1952)

