=LDR  00679ny  a22001933n 4500
=001  22836129520003841
=003  TestILS
=004  991035493639703841
=005  20210520081218.02
=007  ta
=008  1505270u\\\\0\\\0001ba\\\0\\\\\\\\\\\\\\
=014  1\$a12267531$bOCoLC
=035  \\$a(OCoLC)12267531
=035  \\$a(TestILS)c13605604-01asu_inst
=245  00$aCoal & synfuels technology.
=561  \\$aTESTINST1
=583  \\$acommitted to retain$c20150527$dDecember 31, 2035$fTESTPROGRAM$fTESTPROGRAM Silver$uhttp://localhost/services/testprogram/docs/TESTPROGRAMProgramStatement.pdf
=583  \\$acompleteness reviewed$c20150527$fTESTPROGRAM$fTESTPROGRAM Silver$ivolume-level$lmissing volumes$zmissing vol. 6 issues 1-27
=852  0\$aTESTINST1$bHDC$ctestprogram-trust
=866  30$80$a(1985)-(1993)

