=LDR  00785ny  a22002173n 4500
=001  22822475320003841
=003  TestILS
=004  991027124529703841
=005  20210520081217.68
=007  ta
=008  1306030u\\\\0\\\0001ba\\\0\\\\\\\\\\\\\\
=014  1\$a7154385$bOCoLC
=022  \\$a0278-4807
=035  \\$a(OCoLC)7154385
=035  \\$a(TestILS)c13182481-01asu_inst
=245  00$aRehabilitation nursing.
=561  \\$aTESTINST1
=561  \\$aLLU
=583  \\$acommitted to retain$c20130603$dDecember 31, 2035$fTESTPROGRAM$fTESTPROGRAM Silver$uhttp://localhost/services/testprogram/docs/TESTPROGRAMProgramStatement.pdf
=583  \\$acompleteness reviewed$c20130603$fTESTPROGRAM$fTESTPROGRAM Silver$ivolume-level$lbinding patterns vary$zfor vols. 6-11, 19-20, 23-24, 28-29, two volumes bound together as single piece
=852  0\$aTESTINST1$bHDC$ctestprogram-trust
=866  30$80$a6(1981)-30(2005)

