=LDR  00721nx  a22001811n 4500
=003  TestILS
=004  991032284549703841
=007  ta
=001  221157064450003841
=008  2011230u\\\\0\\\0000ba\\\0\\\\\\
=005  20210520081217.58
=022  \\$a0028-9019
=035  \\$a(OCoLC)9712487
=245  00$aNews explorer.$pScholastic teacher edition.
=583  \\$acommitted to retain$c20201123$dDecember 31, 2035$fTESTPROGRAM$fTESTPROGRAM Silver$uhttp://localhost/services/testprogram/docs/TESTPROGRAMProgramStatement.pdf
=583  \\$acompleteness reviewed$c20201123$fTESTPROGRAM$fTESTPROGRAM Silver$ivolume level$lmissing issues$zmissing v.7(1961)-v.10(1962 Jan), v.16(1964 Sep-1965 Jan), v.17, no.1-2,4-5(1965/66), v.24-25(1970) and after
=561  \\$aTESTINST1
=852  0\$aTESTINST1$bHDC$ctestprogram-trust$hL11$i.S3123x
=866  30$80$a10(1962)-23(1969)

