=LDR  00731    a2200217 n 4500
=001  22897364880003841
=003  TestILS
=004  991028895809703841
=005  20210520081218.19
=007  ta
=008  1505190u\\\\0\\\0001ba\\\0\\\\\\\\\\\\\\
=014  1\$a8178824$bOCoLC
=022  0\$a0731-4213
=035  \\$a(OCoLC)8178824
=035  \\$a(TestILS)c13604302-01asu_inst
=245  00$aCollegiate microcomputer.
=561  \\$aTESTINST1
=583  \\$acommitted to retain$c20150519$dDecember 31, 2035$fTESTPROGRAM$fTESTPROGRAM Gold$uhttp://localhost/services/testprogram/docs/TESTPROGRAMProgramStatement.pdf
=583  \\$acompleteness reviewed$c20150519$fTESTPROGRAM$fTESTPROGRAM Gold$iissue-level
=583  \\$acondition reviewed$c20150519$fTESTPROGRAM$fTESTPROGRAM Gold$iissue-level
=852  0\$aTESTINST1$bHDC$ctestprogram-trust
=866  30$80$a1(1983)-11(1993)

