=LDR  00642nx  a22001811n 4500
=003  TestILS
=004  991022911319703841
=007  ta
=001  221100608800003841
=008  1902120u\\\\0\\\0000ba\\\0\\\\\\
=005  20210520081217.76
=022  \\$a0199-5197
=035  \\$a(OCoLC)5962536
=245  00$aCobblestone.
=583  \\$acommitted to retain$c20190212$dDecember 31, 2035$fTESTPROGRAM$fTESTPROGRAM Silver$uhttp://localhost/services/testprogram/docs/TESTPROGRAMProgramStatement.pdf
=583  \\$acompleteness reviewed$c20190212$fTESTPROGRAM$fTESTPROGRAM Silver$ivolume level$lmissing volumes$zmissing v.1(1980), 2:1-8(1981)
=561  \\$aTESTINST1
=852  0\$aTESTINST1$bHDC$ctestprogram-trust$hE169.1$i.C58
=866  30$80$a2(1981)-12(1991)

