=LDR  00725nx  a22001811n 4500
=003  TestILS
=004  991022884049703841
=007  ta
=001  221157051110003841
=008  2011250u\\\\0\\\0000ba\\\0\\\\\\
=005  20210520081217.76
=022  \\$a0043-9525
=035  \\$a(OCoLC)5626706
=245  14$aThe Writer's digest.
=583  \\$acommitted to retain$c20201125$dDecember 31, 2035$fTESTPROGRAM$fTESTPROGRAM Silver$uhttp://localhost/services/testprogram/docs/TESTPROGRAMProgramStatement.pdf
=583  \\$acompleteness reviewed$c20201125$fTESTPROGRAM$fTESTPROGRAM Silver$ivolume level$lmissing volumes$zmissing v.1-16, v.18-19, v.27, v.33, v.36, v.86, v.89
=561  \\$aTESTINST1
=852  0\$aTESTINST1$bHDC$ctestprogram-trust$hPN101$i.W82
=866  30$80$a17(1936/37), 20(1939/40)-26(1945/46), 28(1947/48)-48(1968), 50(1970)-95(2015)

