=LDR  00692nx  a22001691n 4500
=003  TestILS
=004  991011872929703841
=007  ta
=001  221113916300003841
=008  1908020u\\\\0\\\0000ba\\\0\\\\\\
=005  20210520081217.65
=035  \\$a(OCoLC)2110105
=245  00$aAmerican journal of building design.
=583  \\$acommitted to retain$c20190802$dDecember 31, 2035$fTESTPROGRAM$fTESTPROGRAM Silver$uhttp://localhost/services/testprogram/docs/TESTPROGRAMProgramStatement.pdf
=583  \\$acompleteness reviewed$c20190802$fTESTPROGRAM$fTESTPROGRAM Silver$ivolume level$lmissing volumes$zmissing v.1(1964)-5:6(1968/69), v.5:9,11-12(1969), v.6:1,12(1969/70), v.7:1-2, 7-12(1970/71), v.8:1-5(1971/72)
=561  \\$aTESTINST1
=852  0\$aTESTINST1$bHDC$ctestprogram-trust$hTH1$i.W52
=866  30$80$a5(1969)-7(1971)

