=LDR  00636nx  a22001811n 4500
=003  TestILS
=004  991033913069703841
=007  ta
=001  221171317040003841
=008  2105170u\\\\0\\\0000ba\\\0\\\\\\
=005  20210520081218.01
=035  \\$a(OCoLC)11732711
=245  00$aPhelon's ... directory of discount stores.
=583  \\$acommitted to retain$c20210514$d20351231$fTESTPROGRAM$fTESTPROGRAM Gold$uhttp://localhost/services/testprogram/docs/TESTPROGRAMProgramStatement.pdf
=583  \\$acompleteness reviewed$c20210514$fTESTPROGRAM$fTESTPROGRAM Gold$iissue level
=583  \\$acondition reviewed$c20210514$fTESTPROGRAM$fTESTPROGRAM Gold$iissue level
=561  \\$aTESTINST1
=852  0\$aTESTINST1$bHDC$ctestprogram-trust$hHF5063$i.P48
=866  30$80$a10(1985/86)-11(1988/89)

