=LDR  00734ny  a22002053n 4500
=001  22878115910003841
=003  TestILS
=004  991007564479703841
=005  20210520081217.49
=007  ta
=008  1705010u\\\\0\\\0001ba\\\0\\\\\\\\\\\\\\
=014  1\$a27194480$bOCoLC
=022  0\$a1067-3881
=035  \\$a(OCoLC)27194480
=035  \\$a(TestILS)c14124592-01asu_inst
=245  00$aPiano & keyboard :$bthe bimonthly piano quarterly.
=561  \\$aTESTINST1
=583  \\$acommitted to retain$c20170501$dDecember 31, 2035$fTESTPROGRAM$fTESTPROGRAM Silver$uhttp://localhost/services/testprogram/docs/TESTPROGRAMProgramStatement.pdf
=583  \\$acompleteness reviewed$c20170501$fTESTPROGRAM$fTESTPROGRAM Silver$ivolume-level$lmissing volumes$zmissing no.174
=852  0\$aTESTINST1$bHDC$ctestprogram-trust$hML1$i.P66
=866  30$80$ano.160(1993)-173(1995), 175(1995)-208(2001)

