=LDR  00682nx  a22001811n 4500
=003  TestILS
=004  991032343809703841
=007  ta
=001  221171248110003841
=008  2012095u\\\\0\\\0000ba\\\0\\\\\\
=005  20210520081218.04
=022  \\$a0196-7134
=035  \\$a(OCoLC)10685677
=245  00$aDocumentary editing.
=583  \\$acommitted to retain$c20201209$d20351231$fTESTPROGRAM$fTESTPROGRAM Silver$uhttp://localhost/services/testprogram/docs/TESTPROGRAMProgramStatement.pdf
=583  \\$acompleteness reviewed$c20201209$fTESTPROGRAM$fTESTPROGRAM Silver$ivolume level$lmissing volumes$zmissing v.6(1984)-10(1988), v.11:2-4(1989), v.12(1990), v.13:1(1991)
=561  \\$aTESTINST1
=852  0\$aTESTINST1$bHDC$ctestprogram-trust$hPN162$i.D6x
=866  30$80$a11(1989), 13(1991)-32(2011)

