=LDR  00746ny  a22002413n 4500
=001  22821931380003841
=003  TestILS
=004  991011545869703841
=005  20210520081217.95
=007  ta
=008  1206280u\\\\0\\\0001ba\\\0\\\\\\\\\\\\\\
=014  1\$a1567621$bOCoLC
=022  0\$a0013-1954$l0013-1954
=030  \\$aEDSMAN
=035  \\$a(OCoLC)1567621
=035  \\$a(TestILS)c12807369-01asu_inst
=245  00$aEducational studies in mathematics.
=561  \\$aTESTINST1
=561  \\$aSTA
=561  \\$aWAU
=583  \\$acommitted to retain$c20120628$dDecember 31, 2035$fTESTPROGRAM$fTESTPROGRAM Silver$uhttp://localhost/services/testprogram/docs/TESTPROGRAMProgramStatement.pdf
=583  \\$acompleteness reviewed$c20120628$fTESTPROGRAM$fTESTPROGRAM Silver$ivolume-level
=852  0\$aTESTINST1$bHDC$ctestprogram-trust$hQA1$i.E35
=866  30$80$a1(1968)-61(2006)

