=LDR  00656nx  a22001811n 4500
=003  TestILS
=004  991023152179703841
=007  ta
=001  221171248120003841
=008  2105100u\\\\0\\\0000ba\\\0\\\\\\
=005  20210520081217.77
=022  \\$a1068-6177
=035  \\$a(OCoLC)26066787
=245  00$aDimensions of early childhood /$cSouthern Association on Children under Six.
=583  \\$acommitted to retain$c20201209$d20351231$fTESTPROGRAM$fTESTPROGRAM Silver$uhttp://localhost/services/testprogram/docs/TESTPROGRAMProgramStatement.pdf
=583  \\$acompleteness reviewed$c20201209$fTESTPROGRAM$fTESTPROGRAM Silver$ivolume level$lmissing volumes$zmissing v.20(1992)-v.33(2005), v.38(2010)-43(2015)
=561  \\$aTESTINST1
=852  0\$aTESTINST1$bHDC$ctestprogram-trust$hHQ767.8$i.D55
=866  30$80$a34(2006)-37(2009)

