=LDR  00736    a2200217 n 4500
=001  22914910770003841
=003  TestILS
=004  991037153409703841
=005  20210520081217.99
=007  ta
=008  1505010u\\\\0\\\0001ba\\\0\\\\\\\\\\\\\\
=014  1\$a13979159$bOCoLC
=022  \\$a0326-7458
=035  \\$a(OCoLC)13979159
=035  \\$a(TestILS)c13580334-01asu_inst
=245  00$aEstudios migratorios latinoamericanos.
=561  \\$aTESTINST1
=583  \\$acommitted to retain$c20150501$dDecember 31, 2035$fTESTPROGRAM$fTESTPROGRAM Gold$uhttp://localhost/services/testprogram/docs/TESTPROGRAMProgramStatement.pdf
=583  \\$acompleteness reviewed$c20150501$fTESTPROGRAM$fTESTPROGRAM Gold$iissue-level
=583  \\$acondition reviewed$c20150501$fTESTPROGRAM$fTESTPROGRAM Gold$iissue-level
=852  0\$aTESTINST1$bHDC$ctestprogram-trust
=866  30$80$ano.1(1985)-59(2006)

