=LDR  00817    a2200229 n 4500
=001  22937559290003841
=003  TestILS
=004  991011459819703841
=005  20210520081217.67
=007  ta
=008  1405150u\\\\0\\\0001ba\\\0\\\\\\\\\\\\\\
=014  1\$a1461271$bOCoLC
=022  \\$a0065-3519$l0065-3519
=030  \\$aAVSCB8
=035  \\$a(OCoLC)1461271
=035  \\$a(TestILS)c13404088-01asu_inst
=245  00$aAdvances in veterinary science and comparative medicine.
=561  \\$aTESTINST1
=583  \\$acommitted to retain$c20140515$dDecember 31, 2035$fTESTPROGRAM$fTESTPROGRAM Gold$uhttp://localhost/services/testprogram/docs/TESTPROGRAMProgramStatement.pdf
=583  \\$acompleteness reviewed$c20140515$fTESTPROGRAM$fTESTPROGRAM Gold$iissue-level$lmissing volumes$zmissing vols. 37-39
=583  \\$acondition reviewed$c20140515$fTESTPROGRAM$fTESTPROGRAM Gold$iissue-level
=852  0\$aTESTINST1$bHDC$ctestprogram-trust$hSF745$i.A39
=866  30$80$a13(1969)-36(1991)

