=LDR  00779ny  a22002053n 4500
=001  22860322780003841
=003  TestILS
=004  991011884809703841
=005  20210520081217.66
=007  ta
=008  1305310u\\\\0\\\0001ba\\\0\\\\\\\\\\\\\\
=014  1\$a2198019$bOCoLC
=022  \\$a0360-7283
=035  \\$a(OCoLC)2198019
=035  \\$a(TestILS)c13182122-01asu_inst
=245  00$aHealth & social work.
=561  \\$aTESTINST1
=583  \\$acommitted to retain$c20130531$dDecember 31, 2035$fTESTPROGRAM$fTESTPROGRAM Silver$uhttp://localhost/services/testprogram/docs/TESTPROGRAMProgramStatement.pdf
=583  \\$acompleteness reviewed$c20130531$fTESTPROGRAM$fTESTPROGRAM Silver$ivolume-level$lbinding patterns vary$z8-11,13-18 two volumes bound together as single piece; for vol. 30, issues not bound together
=852  0\$aTESTINST1$bHDC$ctestprogram-trust
=866  30$80$a1(1976)-30(2005)

