=LDR  00839    a2200241 n 4500
=001  22970621550003841
=003  TestILS
=004  991011472359703841
=005  20210520081217.67
=007  ta
=008  1404300u\\\\0\\\0001ba\\\0\\\\\\\\\\\\\\
=014  1\$a1480202$bOCoLC
=022  0\$a0002-9645$l0002-9645
=030  \\$aAJVRAH
=035  \\$a(OCoLC)1480202
=035  \\$a(TestILS)c13401233-01asu_inst
=245  00$aAmerican journal of veterinary research.
=561  \\$aTESTINST1
=561  \\$aCPS
=583  \\$acommitted to retain$c20140430$dDecember 31, 2035$fTESTPROGRAM$fTESTPROGRAM Gold$uhttp://localhost/services/testprogram/docs/TESTPROGRAMProgramStatement.pdf
=583  \\$acompleteness reviewed$c20140430$fTESTPROGRAM$fTESTPROGRAM Gold$iissue-level
=583  \\$acondition reviewed$c20140430$fTESTPROGRAM$fTESTPROGRAM Gold$iissue-level$lloose pages$zvol. 41 issue 8 loose pages
=852  0\$aTESTINST1$bHDC$ctestprogram-trust$hSF601$i.A3
=866  30$80$a1(1940)-72(2005)

