=LDR  00677nx  a22001811n 4500
=003  TestILS
=004  991018859229703841
=007  ta
=001  221064214670003841
=008  1804230u\\\\0\\\0000ba\\\0\\\\\\
=005  20210520081217.72
=022  \\$a0018-6031
=035  \\$a(OCoLC)4084734
=245  00$aHot rod.
=583  \\$acommitted to retain$c20180423$dDecember 31, 2035$fTESTPROGRAM$fTESTPROGRAM Silver$uhttp://localhost/services/testprogram/docs/TESTPROGRAMProgramStatement.pdf
=583  \\$acompleteness reviewed$c20180423$fTESTPROGRAM$fTESTPROGRAM Silver$ivolume level$lmissing volumes$zv.35:11;  v.41:6; v.42:2; v.48:1; v.49:8,10; v.52:11-12; v.53:1-2
=561  \\$aTESTINST1
=852  0\$aTESTINST1$bHDC$ctestprogram-trust$hTL236$i.H55
=866  30$80$a25(1972)-58(2005)

