=LDR  00626nx  a22001811n 4500
=003  TestILS
=004  991027174769703841
=007  ta
=001  221106589920003841
=008  1905150u\\\\0\\\0000ba\\\0\\\\\\
=005  20210520081217.80
=022  \\$a0278-3479
=035  \\$a(OCoLC)7618583
=245  00$aDefense electronics.
=583  \\$acommitted to retain$c20190515$dDecember 31, 2035$fTESTPROGRAM$fTESTPROGRAM Silver$uhttp://localhost/services/testprogram/docs/TESTPROGRAMProgramStatement.pdf
=583  \\$acompleteness reviewed$c20190515$fTESTPROGRAM$fTESTPROGRAM Silver$ivolume level$lmissing volumes$zv.21:1-7(1989)
=561  \\$aTESTINST1
=852  0\$aTESTINST1$bHDC$ctestprogram-trust$hUG485$i.E53
=866  30$80$a21(1989)-28(1996)

