=LDR  00640nx  a22001811n 4500
=003  TestILS
=004  991011567429703841
=007  ta
=001  221067409950003841
=008  1805220u\\\\0\\\0000ba\\\0\\\\\\
=005  20210520081218.05
=022  \\$a0018-5663
=035  \\$a(OCoLC)1586674
=245  00$aHospital forum.
=583  \\$acommitted to retain$c20180522$dDecember 31, 2035$fTESTPROGRAM$fTESTPROGRAM Silver$uhttp://localhost/services/testprogram/docs/TESTPROGRAMProgramStatement.pdf
=583  \\$acompleteness reviewed$c20180522$fTESTPROGRAM$fTESTPROGRAM Silver$ivolume level$lmissing volumes$zmissing v.1-23; v.24:1
=561  \\$aTESTINST1
=852  0\$aTESTINST1$bHDC$ctestprogram-trust$hRA960 .H545
=866  30$80$a24(1981)-28, no.4(1985)

