=LDR  00875ny  a22002173n 4500
=001  22942835550003841
=003  TestILS
=004  991002999959703841
=005  20210520081218.08
=007  ta
=008  1208290u\\\\0\\\0001ba\\\0\\\\\\\\\\\\\\
=014  1\$a3640568$bOCoLC
=022  \\$a1015-8383$l1015-8383
=035  \\$a(OCoLC)3640568
=035  \\$a(TestILS)c12943757-01asu_inst
=245  00$6880-01$aZhe xue yu wen hua.
=561  \\$aAZU
=583  \\$acommitted to retain$c20120829$dDecember 31, 2035$fTESTPROGRAM$fTESTPROGRAM Gold$uhttp://localhost/services/testprogram/docs/TESTPROGRAMProgramStatement.pdf
=583  \\$acompleteness reviewed$c20120829$fTESTPROGRAM$fTESTPROGRAM Gold$iissue-level$lmissing issues$zmissing v.2 issue 6; v.4 issue 10,12; v.6 issue 10-12; v.15 issues for JUL-DEC; v.16
=583  \\$acondition reviewed$c20120829$fTESTPROGRAM$fTESTPROGRAM Gold$iissue-level
=852  0\$aTESTINST1$bHDC$ctestprogram-trust$hB8.C5$iC43
=866  30$80$a2(1975)-15(1988), 17(1990)-32(2005)

