=LDR  00668nx  a22001811n 4500
=003  TestILS
=004  991011510469703841
=007  ta
=001  221065099150003841
=008  1805040u\\\\0\\\0000ba\\\0\\\\\\
=005  20210520081217.45
=022  \\$a0007-6465
=035  \\$a(OCoLC)1537867
=245  10$aBusiness and economic review /$cUniversity of South Carolina.
=583  \\$acommitted to retain$c20180504$dDecember 31, 2035$fTESTPROGRAM$fTESTPROGRAM Silver$uhttp://localhost/services/testprogram/docs/TESTPROGRAMProgramStatement.pdf
=583  \\$acompleteness reviewed$c20180504$fTESTPROGRAM$fTESTPROGRAM Silver$ivolume level$lmissing volumes$zmissing v.9:1,3,5-9; v.10:1-4; v.11:1,7,9; v.14:2; v.16:3,5
=561  \\$aTESTINST1
=852  0\$aTESTINST1$bHDC$ctestprogram-trust$hHF1 .B84x
=866  30$80$a9(1962)-53(2007)

