=LDR  00657nx  a22001811n 4500
=003  TestILS
=004  991011861349703841
=007  ta
=001  221066549230003841
=008  1805140u\\\\0\\\0000ba\\\0\\\\\\
=005  20210520081217.38
=022  \\$a0525-0846
=035  \\$a(OCoLC)2051849
=245  10$aEtudes historiques.
=583  \\$acommitted to retain$c20180514$dDecember 31, 2035$fTESTPROGRAM$fTESTPROGRAM Silver$uhttp://localhost/services/testprogram/docs/TESTPROGRAMProgramStatement.pdf
=583  \\$acompleteness reviewed$c20180514$fTESTPROGRAM$fTESTPROGRAM Silver$ivolume level$lmissing volumes$zmissing v.2-7, v.15+
=561  \\$aTESTINST1
=852  0\$aTESTINST1$bHDC$ctestprogram-trust$hDR52 .E85
=866  30$80$a1(1960), 8(1978)-10(1980), 13(1985)-14(1990)

