=LDR  00849nx  a22001931n 4500
=003  TestILS
=004  991025109009703841
=007  ta
=001  221067280940003841
=008  1805140u\\\\0\\\0000ba\\\0\\\\\\
=005  20210520081217.41
=022  \\$a0039-5404
=035  \\$a(OCoLC)1766806
=245  00$aSunset.
=583  \\$acommitted to retain$c20180514$dDecember 31, 2035$fTESTPROGRAM$fTESTPROGRAM Silver$uhttp://localhost/services/testprogram/docs/TESTPROGRAMProgramStatement.pdf
=583  \\$acompleteness reviewed$c20180514$fTESTPROGRAM$fTESTPROGRAM Silver$ivolume level$lmissing volumes$zmissing v.1-99; v.101-107; v.108:1-4,6; v.109-114; v.115:1-4,6; v.116:1-2,4-6; v.117; v.122; v.123:4; v.128; v.175:4-6
=561  \\$aTESTINST1
=852  0\$aTESTINST1$bHDC$ctestprogram-trust$hF851$i.S95
=866  30$80$a100(1948), 108(1952), 115(1955)-116(1956), 118(1957)-121(1958), 123(1959)-127(1961), 129(1962)-181(1988)
=868  30$80$a(1969)-(1986)

