=LDR  00742nx  a22001931n 4500
=003  TestILS
=004  991020856739703841
=007  ta
=001  221126309890003841
=008  1908165u\\\\0\\\0000ba\\\0\\\\\\
=005  20210520081217.85
=022  \\$a0077-0035
=035  \\$a(OCoLC)4700157
=245  00$aModern packaging encyclopedia.
=583  \\$acommitted to retain$c20190823$dDecember 31, 2035$fTESTPROGRAM$fTESTPROGRAM Gold$uhttp://localhost/services/testprogram/docs/TESTPROGRAMProgramStatement.pdf
=583  \\$acompleteness reviewed$c20190823$fTESTPROGRAM$fTESTPROGRAM Gold$iissue level$lmissing issues$z1946/47-1951, 1969-1970 missing
=583  \\$acondition reviewed$c20190823$fTESTPROGRAM$fTESTPROGRAM Gold$iissue level
=561  \\$aTESTINST1
=852  0\$aTESTINST1$bHDC$ctestprogram-trust$hHF5770 .A1$iM64x
=866  30$80$a(1952)-(1953), 28(1954)-41(1968), 44(1971)

