=LDR  00593nx  a22001811n 4500
=003  TestILS
=004  991011899929703841
=007  ta
=001  221114405810003841
=008  1908080u\\\\0\\\0000ba\\\0\\\\\\
=005  20210520081217.88
=022  \\$a0360-3814
=035  \\$a(OCoLC)2242981
=245  00$aPerforming arts resources.
=583  \\$acommitted to retain$c20190808$dDecember 31, 2035$fTESTPROGRAM$fTESTPROGRAM Silver$uhttp://localhost/services/testprogram/docs/TESTPROGRAMProgramStatement.pdf
=583  \\$acompleteness reviewed$c20190808$fTESTPROGRAM$fTESTPROGRAM Silver$ivolume level
=561  \\$aTESTINST1
=852  0\$aTESTINST1$bHDC$ctestprogram-trust$hZ688.P4$iP4x
=866  30$80$a1(1974)-31(2015)

