=LDR  00605nx  a22001811n 4500
=003  TestILS
=004  991008745749703841
=007  ta
=001  221114396380003841
=008  1908070u\\\\0\\\0000ba\\\0\\\\\\
=005  20210520081217.53
=022  \\$a0474-5302
=035  \\$a(OCoLC)1097994
=245  00$aEconomic surveys by the OECD.$pTurkey.
=583  \\$acommitted to retain$c20190807$dDecember 31, 2035$fTESTPROGRAM$fTESTPROGRAM Silver$uhttp://localhost/services/testprogram/docs/TESTPROGRAMProgramStatement.pdf
=583  \\$acompleteness reviewed$c20190807$fTESTPROGRAM$fTESTPROGRAM Silver$ivolume level
=561  \\$aTESTINST1
=852  0\$aTESTINST1$bHDC$ctestprogram-trust$hHC492$i.O73a
=866  30$80$a(1963)-(1964), (1966)-(1968)

