=LDR  00729ny  a22002053n 4500
=001  22824517160003841
=003  TestILS
=004  991011572259703841
=005  20210520081218.06
=007  ta
=008  1205210u\\\\0\\\0001ba\\\0\\\\\\\\\\\\\\
=014  1\$a1587810$bOCoLC
=022  \\$a1549-0076
=035  \\$a(OCoLC)1587810
=035  \\$a(TestILS)c12790369-01asu_inst
=245  00$aHollywood quarterly.
=561  \\$aTESTINST1
=583  \\$acommitted to retain$c20120521$dDecember 31, 2035$fTESTPROGRAM$fTESTPROGRAM Silver$uhttp://localhost/services/testprogram/docs/TESTPROGRAMProgramStatement.pdf
=583  \\$acompleteness reviewed$c20120521$fTESTPROGRAM$fTESTPROGRAM Silver$ivolume-level$lbinding patterns vary$zvol. 4-5 bound as single unit
=852  0\$aTESTINST1$bHDC$ctestprogram-trust$hPN1993$i.H457
=866  30$80$a1(1945)-5(1951)

