=LDR  00875ny  a22002053n 4500
=001  22836307230003841
=003  TestILS
=004  991008758359703841
=005  20210520081217.53
=007  ta
=008  1404160u\\\\0\\\0001ba\\\0\\\\\\\\\\\\\\
=014  1\$a1187141$bOCoLC
=022  0\$a0043-8006
=035  \\$a(OCoLC)1187141
=035  \\$a(TestILS)c13382056-01asu_inst
=245  04$aThe Wordsworth circle.
=561  \\$aTESTINST1
=583  \\$acommitted to retain$c20140416$dDecember 31, 2035$fTESTPROGRAM$fTESTPROGRAM Silver$uhttp://localhost/services/testprogram/docs/TESTPROGRAMProgramStatement.pdf
=583  \\$acompleteness reviewed$c20140416$fTESTPROGRAM$fTESTPROGRAM Silver$ivolume-level$lmissing volumes$zmissing vol. 1 issue 1$lbinding patterns vary$zfor vols. 2-9, 13-14, 18-19, 23-24, 25-26 two vols. bound together as single piece; for vols. 15-17, 20-22 three vols bound together as single piece
=852  0\$aTESTINST1$bHDC$ctestprogram-trust
=866  30$80$a1(1970)-36(2005)

