=LDR  00676ny  a22002053n 4500
=001  22880025620003841
=003  TestILS
=004  991006224059703841
=005  20210520081218.17
=007  ta
=008  1306120u\\\\0\\\0001ba\\\0\\\\\\\\\\\\\\
=014  1\$a11963136$bOCoLC
=022  0\$a0585-086X$l0585-086X
=035  \\$a(OCoLC)11963136
=035  \\$a(TestILS)c13185226-01asu_inst
=245  10$aProceedings of-- the ... Stapp Car Crash Conference /$cconducted by the Nolte Center for Continuing Education of the General Extension Division, University of Minnesota.
=561  \\$aTESTINST1
=583  \\$acommitted to retain$c20130612$dDecember 31, 2035$fTESTPROGRAM$fTESTPROGRAM Silver$uhttp://localhost/services/testprogram/docs/TESTPROGRAMProgramStatement.pdf
=583  \\$acompleteness reviewed$c20130612$fTESTPROGRAM$fTESTPROGRAM Silver$ivolume-level
=852  0\$aTESTINST1$bHDC$ctestprogram-trust$hTL6$i.S78
=866  30$80$a9(1965)

