=LDR  00775ny  a22002293n 4500
=001  22851797140003841
=003  TestILS
=004  991040094649703841
=005  20210520081217.55
=007  ta
=008  1206180u\\\\0\\\0001ba\\\0\\\\\\\\\\\\\\
=014  1\$a18305154$bOCoLC
=022  0\$a1040-0656
=030  \\$aNWJOEG
=035  \\$a(OCoLC)18305154
=035  \\$a(TestILS)c12794077-01asu_inst
=245  00$aNWSA journal :$ba publication of the National Women's Studies Association.
=561  \\$aTESTINST1
=561  \\$aKKS
=583  \\$acommitted to retain$c20120618$dDecember 31, 2035$fTESTPROGRAM$fTESTPROGRAM Silver$uhttp://localhost/services/testprogram/docs/TESTPROGRAMProgramStatement.pdf
=583  \\$acompleteness reviewed$c20120618$fTESTPROGRAM$fTESTPROGRAM Silver$ivolume-level$lbinding patterns vary$zfor v.1-2, issues 1-2 & 3-4 bound separately
=852  0\$aTESTINST1$bHDC$ctestprogram-trust
=866  30$80$a1(1988)-17(2005)

