=LDR  00683nx  a22001931n 4500
=003  TestILS
=004  991004879979703841
=007  ta
=001  221044119110003841
=008  1709140u\\\\0\\\0001ba\\\0\\\\\\
=005  20210520081218.16
=022  \\$a1063-1089
=035  \\$a(OCoLC)24857446
=245  00$aOfficial ... NCAA basketball.
=583  \\$acommitted to retain$c20170914$dDecember 31, 2035$fTESTPROGRAM$fTESTPROGRAM Gold$uhttp://localhost/services/testprogram/docs/TESTPROGRAMProgramStatement.pdf
=583  \\$acompleteness reviewed$c20170914$fTESTPROGRAM$fTESTPROGRAM Gold$iissue-level$lmissing volumes$z1992-1993
=583  \\$acondition reviewed$c20170914$fTESTPROGRAM$fTESTPROGRAM Gold$iissue-level
=561  \\$aTESTINST1
=852  0\$aTESTINST1$bHDC$ctestprogram-trust$hGV885.A1  O33
=866  30$80$a(1994)

