=LDR  00698nx  a22001931n 4500
=003  TestILS
=004  991016523339703841
=007  ta
=001  221129620320003841
=008  1910315u\\\\0\\\0000ba\\\0\\\\\\
=005  20210520081218.11
=022  \\$a0007-4780$l0007-4780
=035  \\$a(OCoLC)3031289$z(OCoLC)10589401
=245  00$aBulletin of bibliography & magazine notes.
=583  \\$acommitted to retain$c20191031$dDecember 31, 2035$fTESTPROGRAM$fTESTPROGRAM Gold$uhttp://localhost/services/testprogram/docs/TESTPROGRAMProgramStatement.pdf
=583  \\$acompleteness reviewed$c20191031$fTESTPROGRAM$fTESTPROGRAM Gold$iissue level
=583  \\$acondition reviewed$c20191031$fTESTPROGRAM$fTESTPROGRAM Gold$iissue level
=561  \\$aTESTINST1
=852  0\$aTESTINST1$bHDC$ctestprogram-trust$hZ1007$i.B94
=866  30$80$a21, no.10(1956)-30(1973)

