=LDR  00762ny  a22002053n 4500
=001  22926868730003841
=003  TestILS
=004  991032312209703841
=005  20210520081218.03
=007  ta
=008  1305310u\\\\0\\\0001ba\\\0\\\\\\\\\\\\\\
=014  1\$a10139066$bOCoLC
=022  0\$a0749-5471
=035  \\$a(OCoLC)10139066
=035  \\$a(TestILS)c13182055-01asu_inst
=245  00$aWestern states Jewish history.
=561  \\$aTESTINST1
=583  \\$acommitted to retain$c20130531$dDecember 31, 2035$fTESTPROGRAM$fTESTPROGRAM Silver$uhttp://localhost/services/testprogram/docs/TESTPROGRAMProgramStatement.pdf
=583  \\$acompleteness reviewed$c20130531$fTESTPROGRAM$fTESTPROGRAM Silver$ivolume-level$lbinding patterns vary$zfor vols. 19-20, two volumes bound together as single piece
=852  0\$aTESTINST1$bHDC$ctestprogram-trust$hF591$i.W469
=866  30$80$a16(1983)-38(2006)

