=LDR  00639nx  a22001811n 4500
=003  TestILS
=004  991003522899703841
=007  ta
=001  221115194660003841
=008  1905310u\\\\0\\\0000ba\\\0\\\\\\
=005  20210520081218.09
=022  \\$a1061-3749
=035  \\$a(OCoLC)25277470
=245  00$aJournal of nursing measurement.
=583  \\$acommitted to retain$c20190531$dDecember 31, 2035$fTESTPROGRAM$fTESTPROGRAM Silver$uhttp://localhost/services/testprogram/docs/TESTPROGRAMProgramStatement.pdf
=583  \\$acompleteness reviewed$c20190531$fTESTPROGRAM$fTESTPROGRAM Silver$ivolume level$lmissing volumes$zmissing 16(2008)-23(2015)
=561  \\$aTESTINST1
=852  0\$aTESTINST1$bHDC$ctestprogram-trust$hRT81.5$i.J68x
=866  30$80$a1(1993)-15(2007)

