=LDR  00675nx  a22001691n 4500
=003  TestILS
=004  991007531859703841
=007  ta
=001  221115218530003841
=008  1905310u\\\\0\\\0000ba\\\0\\\\\\
=005  20210520081217.49
=035  \\$a(OCoLC)26187079
=245  00$aOECD economic surveys.$pPoland /$cCentre for Co-operation with European Economies in Transition.
=583  \\$acommitted to retain$c20190531$dDecember 31, 2035$fTESTPROGRAM$fTESTPROGRAM Silver$uhttp://localhost/services/testprogram/docs/TESTPROGRAMProgramStatement.pdf
=583  \\$acompleteness reviewed$c20190531$fTESTPROGRAM$fTESTPROGRAM Silver$ivolume level$lmissing volumes$zmissing (2006), (2010), (2012), (2014)
=561  \\$aTESTINST1
=852  0\$aTESTINST1$bHDC$ctestprogram-trust$hHC340.3.A1$iO323x
=866  30$80$a(1992), (1994), (1997)-(1998), (2000), (2002), (2004), (2008)

