=LDR  00719ny  a22002053n 4500
=001  22954038860003841
=003  TestILS
=004  991023543659703841
=005  20210520081217.77
=007  ta
=008  1306120u\\\\0\\\0001ba\\\0\\\\\\\\\\\\\\
=014  1\$a5313325$bOCoLC
=022  \\$a1935-6684
=035  \\$a(OCoLC)5313325
=035  \\$a(TestILS)c13184933-01asu_inst
=245  10$aNewsletter /$cRhetoric Society of America.
=561  \\$aTESTINST1
=583  \\$acommitted to retain$c20130612$dDecember 31, 2035$fTESTPROGRAM$fTESTPROGRAM Silver$uhttp://localhost/services/testprogram/docs/TESTPROGRAMProgramStatement.pdf
=583  \\$acompleteness reviewed$c20130612$fTESTPROGRAM$fTESTPROGRAM Silver$ivolume-level$lmissing volumes$zmissing vols. for 1969-1970
=852  0\$aTESTINST1$bHDC$ctestprogram-trust$hPE1403$i.R4x
=866  30$80$a(1971)-(1975)

