=LDR  00807nx  a22001931n 4500
=003  TestILS
=004  991011553759703841
=007  ta
=001  221153822050003841
=008  2103295u\\\\0\\\0000ba\\\0\\\\\\
=005  20210520081218.04
=022  \\$a0014-7397
=035  \\$a(OCoLC)1568800
=245  00$aFamily safety.
=583  \\$acommitted to retain$c20210329$d20351231$fTESTPROGRAM$fTESTPROGRAM Gold$uhttp://localhost/services/testprogram/docs/TESTPROGRAMProgramStatement.pdf
=583  \\$acompleteness reviewed$c20210329$fTESTPROGRAM$fTESTPROGRAM Gold$iissue level$lmissing issues$zmissing issues v.21(1961)-25(1966), 33:1(1974), v.35:4(1976), 40(1981)-42(1983)$lmissing pages$zv.27:1(1968), v.29:3(1970) missing pages
=583  \\$acondition reviewed$c20210329$fTESTPROGRAM$fTESTPROGRAM Gold$iissue level
=561  \\$aTESTINST1
=852  0\$aTESTINST1$bHDC$ctestprogram-trust$hTX150$i.F2
=866  30$80$a26(1967)-39(1980)

