=LDR  00777ny  a22002053n 4500
=001  22818306180003841
=003  TestILS
=004  991011740239703841
=005  20210520081217.48
=007  ta
=008  1306100u\\\\0\\\0001ba\\\0\\\\\\\\\\\\\\
=014  1\$a1766677$bOCoLC
=022  \\$a0039-3185
=035  \\$a(OCoLC)1766677
=035  \\$a(TestILS)c13183783-01asu_inst
=245  00$aStudia Leibnitiana.
=561  \\$aTESTINST1
=583  \\$acommitted to retain$c20130610$dDecember 31, 2035$fTESTPROGRAM$fTESTPROGRAM Silver$uhttp://localhost/services/testprogram/docs/TESTPROGRAMProgramStatement.pdf
=583  \\$acompleteness reviewed$c20130610$fTESTPROGRAM$fTESTPROGRAM Silver$ivolume-level$lbinding patterns vary$zvol. 13 issue 1 bound separately; for vols. 1-30, two volumes bound together as single unit
=852  0\$aTESTINST1$bHDC$ctestprogram-trust
=866  30$80$a1(1969)-37(2005)

