=LDR  00636nx  a22001811n 4500
=003  TestILS
=004  991040078939703841
=007  ta
=001  221129848140003841
=008  1910315u\\\\0\\\0000ba\\\0\\\\\\
=005  20210520081217.55
=035  \\$a(OCoLC)16071951
=245  00$aContemporary France.
=583  \\$acommitted to retain$c20191031$dDecember 31, 2035$fTESTPROGRAM$fTESTPROGRAM Gold$uhttp://localhost/services/testprogram/docs/TESTPROGRAMProgramStatement.pdf
=583  \\$acompleteness reviewed$c20191031$fTESTPROGRAM$fTESTPROGRAM Gold$iissue level
=583  \\$acondition reviewed$c20191031$fTESTPROGRAM$fTESTPROGRAM Gold$iissue level
=561  \\$aTESTINST1
=852  0\$aTESTINST1$bHDC$ctestprogram-trust$hDC411$i.C66
=866  30$80$a1(1987)-3(1989)

