=LDR  00633nx  a22001931n 4500
=003  TestILS
=004  991006888399703841
=007  ta
=001  221049295190003841
=008  1801170u\\\\0\\\0000ba\\\0\\\\\\
=005  20210520081218.17
=022  \\$a0275-4037
=035  \\$a(OCoLC)7142779
=245  00$aScience world.
=583  \\$acommitted to retain$c20180117$dDecember 31, 2035$fTESTPROGRAM$fTESTPROGRAM Silver$uhttp://localhost/services/testprogram/docs/TESTPROGRAMProgramStatement.pdf
=583  \\$acompleteness reviewed$c20180117$fTESTPROGRAM$fTESTPROGRAM Silver$ivolume level$lmissing volumes
=561  \\$aTESTINST1
=561  \\$aORE
=852  0\$aTESTINST1$bHDC$ctestprogram-trust$hQ1$i.S8146
=866  30$80$a8(1960)-16(1963/1965)

