=LDR  00507ny  a22001693n 4500
=003  TestILS
=004  991011650629703841
=005  20210520081217.61
=001  221156769030003841
=007  ta
=008  2011130u\\\\0\\\0000ba\\\0\\\\\\
=022  \\$a0021-9118
=035  \\$a(OCoLC)1713826
=245  04$aThe Journal of Asian studies.
=561  \\$aTESTINST1
=583  \\$acommitted to retain$c20201113$d20351231$fTESTPROGRAM$fTESTPROGRAM Bronze$uhttp://localhost/services/testprogram/docs/TESTPROGRAMProgramStatement.pdf
=852  0\$aTESTINST1$bHDC$ctestprogram-trust$hDS501$i.F274
=866  30$80$a16(1956/57)-69(2010)

