=LDR  00666ny  a22002053n 4500
=001  22879257990003841
=003  TestILS
=004  991011596619703841
=005  20210520081217.80
=007  ta
=008  1401060u\\\\0\\\0001ba\\\0\\\\\\\\\\\\\\
=014  1\$a1607246$bOCoLC
=022  \\$a0027-1276
=035  \\$a(OCoLC)1607246
=035  \\$a(TestILS)c13303673-01asu_inst
=245  10$aMosaic :$ba journal for the comparative study of literature.
=561  \\$aTESTINST1
=583  \\$acommitted to retain$c20140106$dDecember 31, 2035$fTESTPROGRAM$fTESTPROGRAM Silver$uhttp://localhost/services/testprogram/docs/TESTPROGRAMProgramStatement.pdf
=583  \\$acompleteness reviewed$c20140106$fTESTPROGRAM$fTESTPROGRAM Silver$ivolume-level
=852  0\$aTESTINST1$bHDC$ctestprogram-trust
=866  30$80$a1(1967/1968)-38(2005)

