=LDR  00655nx  a22001931n 4500
=003  TestILS
=004  991023299829703841
=007  ta
=001  221134579280003841
=008  1912315u\\\\0\\\0000ba\\\0\\\\\\
=005  20210520081217.77
=022  \\$a1064-5160
=035  \\$a(OCoLC)25643549
=245  10$aPhase diagrams for ceramists :$bannual /$ccompiled in the Ceramics Division, National Institute of Standards and Technology.
=583  \\$acommitted to retain$c20191231$dDecember 31, 2035$fTESTPROGRAM$fTESTPROGRAM Gold$uhttp://localhost/services/testprogram/docs/TESTPROGRAMProgramStatement.pdf
=583  \\$acompleteness reviewed$c20191231$fTESTPROGRAM$fTESTPROGRAM Gold$iissue level
=583  \\$acondition reviewed$c20191231$fTESTPROGRAM$fTESTPROGRAM Gold$iissue level
=561  \\$aTESTINST1
=852  0\$aTESTINST1$bHDC$ctestprogram-trust$hQD501$i.P3834
=866  30$80$a(1991)

