=LDR  00593nx  a22001811n 4500
=003  TestILS
=004  991035489199703841
=007  ta
=001  221034288850003841
=008  1709070u\\\\0\\\0000ba\\\0\\\\\\
=005  20210520081218.02
=022  \\$a0883-5381
=035  \\$a(OCoLC)12148474
=245  00$aHealthcare executive.
=583  \\$acommitted to retain$c20170907$dDecember 31, 2035$fTESTPROGRAM$fTESTPROGRAM Silver$uhttp://localhost/services/testprogram/docs/TESTPROGRAMProgramStatement.pdf
=583  \\$acompleteness reviewed$c20170907$fTESTPROGRAM$fTESTPROGRAM Silver$iissue-level
=561  \\$aTESTINST1
=852  0\$aTESTINST1$bHDC$ctestprogram-trust$hRA971  .H46x
=866  30$80$a1(1985)-20(2005)

