=LDR  00793    a2200217 n 4500
=001  22925810440003841
=003  TestILS
=004  991030967419703841
=005  20210520081217.58
=007  ta
=008  1509140u\\\\0\\\0001ba\\\0\\\\\\\\\\\\\\
=014  1\$a36819276$bOCoLC
=022  \\$a1382-6980$l1382-6980
=035  \\$a(OCoLC)36819276
=035  \\$a(TestILS)c13663082-01asu_inst
=245  00$aReviews in toxicology.
=561  \\$aAZU
=583  \\$acommitted to retain$c20150914$dDecember 31, 2035$fTESTPROGRAM$fTESTPROGRAM Gold$uhttp://localhost/services/testprogram/docs/TESTPROGRAMProgramStatement.pdf
=583  \\$acompleteness reviewed$c20150914$fTESTPROGRAM$fTESTPROGRAM Gold$iissue-level$lmissing volumes$zmissing vol. 1
=583  \\$acondition reviewed$c20150914$fTESTPROGRAM$fTESTPROGRAM Gold$iissue-level
=852  0\$aTESTINST1$bHDC$ctestprogram-trust$hQP631.A1$iC493x
=866  30$80$a2(1998)-4(2002)

