=LDR  00767    a2200229 n 4500
=001  22943596930003841
=003  TestILS
=004  991016535779703841
=005  20210520081218.18
=007  ta
=008  1605090u\\\\0\\\0001ba\\\0\\\\\\\\\\\\\\
=014  1\$a3175360$bOCoLC
=022  0\$a0147-4863
=030  \\$aAMIED5
=035  \\$a(OCoLC)3175360
=035  \\$a(TestILS)c13793469-01asu_inst
=245  00$aAdvances in microbial ecology.
=561  \\$aTESTINST1
=583  \\$acommitted to retain$c20160509$dDecember 31, 2035$fTESTPROGRAM$fTESTPROGRAM Gold$uhttp://localhost/services/testprogram/docs/TESTPROGRAMProgramStatement.pdf
=583  \\$acompleteness reviewed$c20160509$fTESTPROGRAM$fTESTPROGRAM Gold$iissue-level
=583  \\$acondition reviewed$c20160509$fTESTPROGRAM$fTESTPROGRAM Gold$iissue-level
=852  0\$aTESTINST1$bHDC$ctestprogram-trust$hQR100$i.A36
=866  30$80$a1(1977)-16(2000)

