=LDR  00638nx  a22001811n 4500
=003  TestILS
=004  991037163909703841
=007  ta
=001  221111806840003841
=008  1906120u\\\\0\\\0000ba\\\0\\\\\\
=005  20210520081218.00
=022  \\$a1057-736X
=035  \\$a(OCoLC)14629671
=245  00$aChildren's voice.
=583  \\$acommitted to retain$c20190612$dDecember 31, 2035$fTESTPROGRAM$fTESTPROGRAM Silver$uhttp://localhost/services/testprogram/docs/TESTPROGRAMProgramStatement.pdf
=583  \\$acompleteness reviewed$c20190612$fTESTPROGRAM$fTESTPROGRAM Silver$ivolume level$lmissing volumes$zmissing v.1(1985)-2(1986)
=561  \\$aTESTINST1
=852  0\$aTESTINST1$bHDC$ctestprogram-trust$hHV701$i.C576x
=866  30$80$a3(1987)-7(1991)

