=LDR  00860    a2200229 n 4500
=001  22918378300003841
=003  TestILS
=004  991011666369703841
=005  20210520081218.11
=007  ta
=008  1505010u\\\\0\\\0001ba\\\0\\\\\\\\\\\\\\
=014  1\$a1751280$bOCoLC
=022  \\$a0017-1271
=035  \\$a(OCoLC)1751280
=035  \\$a(TestILS)c13581946-01asu_inst
=245  00$aGlossa.
=561  \\$aTESTINST1
=583  \\$acommitted to retain$c20150501$dDecember 31, 2035$fTESTPROGRAM$fTESTPROGRAM Gold$uhttp://localhost/services/testprogram/docs/TESTPROGRAMProgramStatement.pdf
=583  \\$acompleteness reviewed$c20150501$fTESTPROGRAM$fTESTPROGRAM Gold$iissue-level$lbinding patters vary$zvol. 17 bound alone, all others two volumes bound together
=583  \\$acondition reviewed$c20150501$fTESTPROGRAM$fTESTPROGRAM Gold$iissue-level
=852  0\$aTESTINST1$bHDC$ctestprogram-trust$hP9$i.G56x
=866  30$80$a1(1967)-17(1997)
=868  30$80$a1(1967)-10(1976)

