=LDR  00720nx  a22001811n 4500
=003  TestILS
=004  991028924969703841
=007  ta
=001  221111808900003841
=008  1908020u\\\\0\\\0000ba\\\0\\\\\\
=005  20210520081218.20
=022  \\$a0744-8872
=035  \\$a(OCoLC)8634864
=245  00$aSun/coast architect/builder.
=583  \\$acommitted to retain$c20190802$dDecember 31, 2035$fTESTPROGRAM$fTESTPROGRAM Silver$uhttp://localhost/services/testprogram/docs/TESTPROGRAMProgramStatement.pdf
=583  \\$acompleteness reviewed$c20190802$fTESTPROGRAM$fTESTPROGRAM Silver$ivolume level$lmissing volumes$zmissing v.49:2-5,10(1984), v.50:1-3,10(1985),v.55(1990)-58(1993), v.59:1-5,8-9,12(1994), v.60(1995)
=561  \\$aTESTINST1
=852  0\$aTESTINST1$bHDC$ctestprogram-trust$hTH1$i.S86x
=866  30$80$a47(1982)-54(1989), 59(1994)

