=LDR  00757    a2200229 n 4500
=001  22937932340003841
=003  TestILS
=004  991038892039703841
=005  20210520081217.54
=007  ta
=008  1505270u\\\\0\\\0001ba\\\0\\\\\\\\\\\\\\
=014  1\$a14954566$bOCoLC
=022  0\$a0269-7521
=030  \\$aAACPER
=035  \\$a(OCoLC)14954566
=035  \\$a(TestILS)c13606116-01asu_inst
=245  00$aAmino acids and peptides.
=561  \\$aTESTINST1
=583  \\$acommitted to retain$c20150527$dDecember 31, 2035$fTESTPROGRAM$fTESTPROGRAM Gold$uhttp://localhost/services/testprogram/docs/TESTPROGRAMProgramStatement.pdf
=583  \\$acompleteness reviewed$c20150527$fTESTPROGRAM$fTESTPROGRAM Gold$iissue-level
=583  \\$acondition reviewed$c20150527$fTESTPROGRAM$fTESTPROGRAM Gold$iissue-level
=852  0\$aTESTINST1$bHDC$ctestprogram-trust
=866  30$80$a17(1984)-24(1991)

