=LDR  00718nx  a22001931n 4500
=003  TestILS
=004  991016518959703841
=007  ta
=001  221155039830003841
=008  2104185u\\\\0\\\0000ba\\\0\\\\\\
=005  20210520081218.10
=022  \\$a0160-2624
=035  \\$a(OCoLC)2957304
=245  00$aCoaching: women's athletics.
=583  \\$acommitted to retain$c20210418$d20351231$fTESTPROGRAM$fTESTPROGRAM Gold$uhttp://localhost/services/testprogram/docs/TESTPROGRAMProgramStatement.pdf
=583  \\$acompleteness reviewed$c20210418$fTESTPROGRAM$fTESTPROGRAM Gold$iissue level$lbinding patterns vary$zIssues for v.3 bound with previous title
=583  \\$acondition reviewed$c20210418$fTESTPROGRAM$fTESTPROGRAM Gold$iissue level
=561  \\$aTESTINST1
=852  0\$aTESTINST1$bHDC$ctestprogram-trust$hGV709$i.W56x
=866  30$80$a3(1977)-7(1981)

