=LDR  01011    a2200241 n 4500
=001  22905286070003841
=003  TestILS
=004  991011601269703841
=005  20210520081217.80
=007  ta
=008  1404160u\\\\0\\\0001ba\\\0\\\\\\\\\\\\\\
=014  1\$a1613873$bOCoLC
=022  \\$a0093-0318
=035  \\$a(OCoLC)1613873
=035  \\$a(TestILS)c13401257-01asu_inst
=245  10$aJournal of the American Society for Psychical Research.
=561  \\$aTESTINST1
=561  \\$aCCO
=561  \\$aCUZ
=583  \\$acommitted to retain$c20140416$dDecember 31, 2035$fTESTPROGRAM$fTESTPROGRAM Gold$uhttp://localhost/services/testprogram/docs/TESTPROGRAMProgramStatement.pdf
=583  \\$acompleteness reviewed$c20140416$fTESTPROGRAM$fTESTPROGRAM Gold$iissue-level
=583  \\$acondition reviewed$c20140416$fTESTPROGRAM$fTESTPROGRAM Gold$iissue-level$lmissing pages$zmissing pages v.11 issue 9; v.12 issue 8$lmarginalia$zmarginalia v.7:10; v.8:2,3,5,7,9,11; v.9:3,4,7,12; v.10:1,5; v.11:1,3,7,10,12; v.12:3,6,7,10; v.13:4,6; v.14:9,10; v.15:1; v.16:1-3,5,10,12; v.17:3-6, 11-12
=852  0\$aTESTINST1$bHDC$ctestprogram-trust$hBF1010$i.A4
=866  30$80$a1(1907)-21(1927)

