=LDR  00766ny  a22002173n 4500
=001  22838918750003841
=003  TestILS
=004  991011565739703841
=005  20210520081218.05
=007  ta
=008  1308190u\\\\0\\\0001ba\\\0\\\\\\\\\\\\\\
=014  1\$a1586278$bOCoLC
=022  0\$a0021-2385
=030  \\$aISCRA
=035  \\$a(OCoLC)1586278
=035  \\$a(TestILS)c13245223-01asu_inst
=245  00$aIssues in criminology.
=561  \\$aAZC
=583  \\$acommitted to retain$c20130819$dDecember 31, 2035$fTESTPROGRAM$fTESTPROGRAM Silver$uhttp://localhost/services/testprogram/docs/TESTPROGRAMProgramStatement.pdf
=583  \\$acompleteness reviewed$c20130819$fTESTPROGRAM$fTESTPROGRAM Silver$ivolume-level$lmissing volumes$zmissing vol. 1 issue 2; vol. 7; vol. 10 issue 2
=852  0\$aTESTINST1$bHDC$ctestprogram-trust
=866  30$80$a1(1965)-6(1971), 8(1973)-10(1975)

