=LDR  00860    a2200241 n 4500
=001  22870615970003841
=003  TestILS
=004  991011874179703841
=005  20210520081217.65
=007  ta
=008  1505270u\\\\0\\\0001ba\\\0\\\\\\\\\\\\\\
=014  1\$a2113095$bOCoLC
=022  \\$a0011-4294
=035  \\$a(OCoLC)2113095
=035  \\$a(TestILS)c13605823-01asu_inst
=245  00$aCycles.
=561  \\$aTESTINST1
=561  \\$aOKU
=561  \\$aKKS
=583  \\$acommitted to retain$c20150527$dDecember 31, 2035$fTESTPROGRAM$fTESTPROGRAM Gold$uhttp://localhost/services/testprogram/docs/TESTPROGRAMProgramStatement.pdf
=583  \\$acompleteness reviewed$c20150527$fTESTPROGRAM$fTESTPROGRAM Gold$iissue-level
=583  \\$acondition reviewed$c20150527$fTESTPROGRAM$fTESTPROGRAM Gold$iissue-level$lunderlining/marginalia$zunderlining and marginalia in vol. 3 issue 4; v.16 issues 1,4,9
=852  0\$aTESTINST1$bHDC$ctestprogram-trust
=866  30$80$a1(1950)-46(1996)

