=LDR  00703nx  a22001931n 4500
=003  TestILS
=004  991011589109703841
=007  ta
=001  221147849500003841
=008  2006255u\\\\0\\\0000ba\\\0\\\\\\
=005  20210520081217.79
=022  \\$a0497-2384
=035  \\$a(OCoLC)1605314
=245  00$aTennessee studies in literature.
=583  \\$acommitted to retain$c20200630$dDecember 31, 2035$fTESTPROGRAM$fTESTPROGRAM Gold$uhttp://localhost/services/testprogram/docs/TESTPROGRAMProgramStatement.pdf
=583  \\$acompleteness reviewed$c20200630$fTESTPROGRAM$fTESTPROGRAM Gold$iissue level$lmissing issues$zmissing 27(1982)-47(2014)
=583  \\$acondition reviewed$c20200630$fTESTPROGRAM$fTESTPROGRAM Gold$iissue level
=561  \\$aTESTINST1
=852  0\$aTESTINST1$bHDC$ctestprogram-trust$hPS1$i.T43
=866  30$80$a1(1956)-26(1981)

