=LDR  00687ny  a22002173n 4500
=001  22826942770003841
=003  TestILS
=004  991008776419703841
=005  20210520081217.95
=007  ta
=008  1404160u\\\\0\\\0001ba\\\0\\\\\\\\\\\\\\
=014  1\$a1283305$bOCoLC
=022  \\$a0022-1813
=035  \\$a(OCoLC)1283305
=035  \\$a(TestILS)c13396304-01asu_inst
=245  00$aMan/society/technology.
=561  \\$aTESTINST1
=561  \\$aCUF
=583  \\$acommitted to retain$c20140416$dDecember 31, 2035$fTESTPROGRAM$fTESTPROGRAM Silver$uhttp://localhost/services/testprogram/docs/TESTPROGRAMProgramStatement.pdf
=583  \\$acompleteness reviewed$c20140416$fTESTPROGRAM$fTESTPROGRAM Silver$ivolume-level
=852  0\$aTESTINST1$bHDC$ctestprogram-trust
=866  30$80$a30(1970/1971)-42(1983)

