=LDR  00621nx  a22001811n 4500
=003  TestILS
=004  991007551469703841
=007  ta
=001  221171029640003841
=008  2105050u\\\\0\\\0000ba\\\0\\\\\\
=005  20210520081217.49
=035  \\$a(OCoLC)26863941
=245  04$aThe sporting news NBA guide.
=583  \\$acommitted to retain$c20210505$d20351231$fTESTPROGRAM$fTESTPROGRAM Gold$uhttp://localhost/services/testprogram/docs/TESTPROGRAMProgramStatement.pdf
=583  \\$acompleteness reviewed$c20210505$fTESTPROGRAM$fTESTPROGRAM Gold$iissue level
=583  \\$acondition reviewed$c20210505$fTESTPROGRAM$fTESTPROGRAM Gold$iissue level
=561  \\$aTESTINST1
=852  0\$aTESTINST1$bHDC$ctestprogram-trust$hGV885$i.N26
=866  30$80$a(1992/93)

