=LDR  00717ny  a22002053n 4500
=001  22950318400003841
=003  TestILS
=004  991011683299703841
=005  20210520081218.12
=007  ta
=008  1306100u\\\\0\\\0001ba\\\0\\\\\\\\\\\\\\
=014  1\$a1754415$bOCoLC
=022  \\$a0021-8510
=035  \\$a(OCoLC)1754415
=035  \\$a(TestILS)c13184076-01asu_inst
=245  04$aThe Journal of aesthetic education.
=561  \\$aTESTINST1
=583  \\$acommitted to retain$c20130610$dDecember 31, 2035$fTESTPROGRAM$fTESTPROGRAM Silver$uhttp://localhost/services/testprogram/docs/TESTPROGRAMProgramStatement.pdf
=583  \\$acompleteness reviewed$c20130610$fTESTPROGRAM$fTESTPROGRAM Silver$ivolume-level$lmissing volumes$zmissing vol 28, 39
=852  0\$aTESTINST1$bHDC$ctestprogram-trust
=866  30$80$a1(1966)-27(1993), 29(1995)-38(2004)

