=LDR  00699ny  a22002173n 4500
=001  22893758950003841
=003  TestILS
=004  991037131679703841
=005  20210520081217.99
=007  ta
=008  1505220u\\\\0\\\0001ba\\\0\\\\\\\\\\\\\\
=014  1\$a13136848$bOCoLC
=022  \\$a1045-6325
=035  \\$a(OCoLC)13136848
=035  \\$a(TestILS)c13605513-01asu_inst
=245  00$aInternational solar energy intelligence report.
=561  \\$aTESTINST1
=561  \\$aUUS
=583  \\$acommitted to retain$c20150522$dDecember 31, 2035$fTESTPROGRAM$fTESTPROGRAM Silver$uhttp://localhost/services/testprogram/docs/TESTPROGRAMProgramStatement.pdf
=583  \\$acompleteness reviewed$c20150522$fTESTPROGRAM$fTESTPROGRAM Silver$ivolume-level
=852  0\$aTESTINST1$bHDC$ctestprogram-trust$hTJ810$i.S614x
=866  30$80$a12(1986)-23(1997)

