=LDR  00642nx  a22001811n 4500
=003  TestILS
=004  991032343869703841
=007  ta
=001  221067284150003841
=008  1805140u\\\\0\\\0000ba\\\0\\\\\\
=005  20210520081218.04
=022  \\$a0743-8613
=035  \\$a(OCoLC)10686488
=245  00$aInformation strategy :$bthe executive's journal.
=583  \\$acommitted to retain$c20180514$dDecember 31, 2035$fTESTPROGRAM$fTESTPROGRAM Silver$uhttp://localhost/services/testprogram/docs/TESTPROGRAMProgramStatement.pdf
=583  \\$acompleteness reviewed$c20180514$fTESTPROGRAM$fTESTPROGRAM Silver$ivolume level$lmissing volumes$zmissing v.5:1; v.12:1; v.20:4
=561  \\$aTESTINST1
=852  0\$aTESTINST1$bHDC$ctestprogram-trust$hHD28 .I4625x
=866  30$80$a1(1984)-20(2004)

