=LDR  00675nx  a22001811n 4500
=003  TestILS
=004  991035510599703841
=007  ta
=001  221171326930003841
=008  2105160u\\\\0\\\0000ba\\\0\\\\\\
=005  20210520081217.98
=035  \\$a(OCoLC)12799950
=245  00$aFiber optics.$pHandbook & buyers guide.
=583  \\$acommitted to retain$c20210514$d20351231$fTESTPROGRAM$fTESTPROGRAM Gold$uhttp://localhost/services/testprogram/docs/TESTPROGRAMProgramStatement.pdf
=583  \\$acompleteness reviewed$c20210514$fTESTPROGRAM$fTESTPROGRAM Gold$iissue level$lmissing issues$zmissing v.1-5, v.8 and after
=583  \\$acondition reviewed$c20210514$fTESTPROGRAM$fTESTPROGRAM Gold$iissue level
=561  \\$aTESTINST1
=852  0\$aTESTINST1$bHDC$ctestprogram-trust$hTA1800$i.I57x
=866  30$80$a6(1984)-7(1986)

