=LDR  00710nx  a22001931n 4500
=003  TestILS
=004  991044975039703841
=007  ta
=001  221158954710003841
=008  2102125u\\\\0\\\0000ba\\\0\\\\\\
=005  20210520081218.06
=022  \\$a1529-2096
=035  \\$a(OCoLC)42667772
=245  00$aResearch in ethical issues in organizations.
=583  \\$acommitted to retain$c20210212$d20351231$fTESTPROGRAM$fTESTPROGRAM Gold$uhttp://localhost/services/testprogram/docs/TESTPROGRAMProgramStatement.pdf
=583  \\$acompleteness reviewed$c20210212$fTESTPROGRAM$fTESTPROGRAM Gold$iissue level$lmissing issues$zmissing v.2-3, v.6 and after
=583  \\$acondition reviewed$c20210212$fTESTPROGRAM$fTESTPROGRAM Gold$iissue level
=561  \\$aTESTINST1
=852  0\$aTESTINST1$bHDC$ctestprogram-trust$hHF5387$i.R47x
=866  30$80$a1(1999), 4(2002)-5(2004)

