=LDR  00760nx  a22002051n 4500
=003  TestILS
=004  991038892839703841
=007  ta
=001  221148379750003841
=008  2006305u\\\\0\\\0000ba\\\0\\\\\\
=005  20210520081217.54
=022  \\$a0891-6578
=035  \\$a(OCoLC)14990324
=245  00$aBusinessWeek careers.
=583  \\$acommitted to retain$c20200630$dDecember 31, 2035$fTESTPROGRAM$fTESTPROGRAM Gold$uhttp://localhost/services/testprogram/docs/TESTPROGRAMProgramStatement.pdf
=583  \\$acompleteness reviewed$c20200630$fTESTPROGRAM$fTESTPROGRAM Gold$iissue level$lmissing issues$zmissing v.5, no.1-2,4-5(1987)
=583  \\$acondition reviewed$c20200630$fTESTPROGRAM$fTESTPROGRAM Gold$iissue level
=561  \\$aTESTINST1
=852  0\$aTESTINST1$bHDC$ctestprogram-trust$hHF5381.A1$iB88x
=866  30$80$a4, no.5(1986)-6, no.3(1988)
=867  30$80$a5(1987)-6(1988)

