=LDR  00661nx  a22001931n 4500
=003  TestILS
=004  991041200069703841
=007  ta
=001  221128982930003841
=008  1908165u\\\\0\\\0000ba\\\0\\\\\\
=005  20210520081217.58
=022  \\$a1041-2557
=035  \\$a(OCoLC)18695340
=245  00$aScience and technology annual reference review.
=583  \\$acommitted to retain$c20190923$dDecember 31, 2035$fTESTPROGRAM$fTESTPROGRAM Gold$uhttp://localhost/services/testprogram/docs/TESTPROGRAMProgramStatement.pdf
=583  \\$acompleteness reviewed$c20190923$fTESTPROGRAM$fTESTPROGRAM Gold$iissue level
=583  \\$acondition reviewed$c20190923$fTESTPROGRAM$fTESTPROGRAM Gold$iissue level
=561  \\$aTESTINST1
=852  0\$aTESTINST1$bHDC$ctestprogram-trust$hQ158.5$i.S4x
=866  30$80$a(1989)-(1991)

