=LDR  00843ny  a22002053n 4500
=001  22969214080003841
=003  TestILS
=004  991020811409703841
=005  20210520081217.83
=007  ta
=008  1306030u\\\\0\\\0001ba\\\0\\\\\\\\\\\\\\
=014  1\$a4267875$bOCoLC
=022  0\$a0163-0415$l0163-0415
=035  \\$a(OCoLC)4267875
=035  \\$a(TestILS)c13182353-01asu_inst
=245  00$aDieciocho.
=561  \\$aTESTINST1
=583  \\$acommitted to retain$c20130603$dDecember 31, 2035$fTESTPROGRAM$fTESTPROGRAM Silver$uhttp://localhost/services/testprogram/docs/TESTPROGRAMProgramStatement.pdf
=583  \\$acompleteness reviewed$c20130603$fTESTPROGRAM$fTESTPROGRAM Silver$ivolume-level$lbinding patterns vary$zfor vols. 1-4, 8-11, two volumes bound together as single piece; for vols. 5-7 & 12-14, three volumes bound together as single piece
=852  0\$aTESTINST1$bHDC$ctestprogram-trust$hPQ6069$i.D53
=866  30$80$a1(1978)-28(2005)

