=LDR  00778ny  a22002173n 4500
=001  22948080230003841
=003  TestILS
=004  991017664559703841
=005  20210520081217.63
=007  ta
=008  1206070u\\\\0\\\0001ba\\\0\\\\\\\\\\\\\\
=014  1\$a1794673$bOCoLC
=022  \\$a0093-5301
=035  \\$a(OCoLC)1794673
=035  \\$a(TestILS)c12791647-01asu_inst
=245  04$aThe journal of consumer research.
=561  \\$aTESTINST1
=583  \\$acommitted to retain$c20120607$dDecember 31, 2035$fTESTPROGRAM$fTESTPROGRAM Silver$uhttp://localhost/services/testprogram/docs/TESTPROGRAMProgramStatement.pdf
=583  \\$acompleteness reviewed$c20120607$fTESTPROGRAM$fTESTPROGRAM Silver$ivolume-level$lbinding patterns vary$zvol. 31 issues 1-2, 3-4 bound separately
=852  0\$aTESTINST1$bHDC$ctestprogram-trust$hHF5415.3$i.J68
=866  30$80$a1(1974)-32(2006)
=868  30$80$a1(1974)-10(1984)

