=LDR  00597    a2200193 n 4500
=001  22839367060003841
=003  TestILS
=004  991033895509703841
=005  20210520081218.01
=007  ta
=008  1505290u\\\\0\\\0001ba\\\0\\\\\\\\\\\\\\
=014  1\$a11251972$bOCoLC
=022  0\$a8750-3204
=035  \\$a(OCoLC)11251972
=035  \\$a(TestILS)c13606955-01asu_inst
=245  00$aStrategic planning and energy management.
=561  \\$aTESTINST1
=583  \\$acommitted to retain$c20130614$dDecember 31, 2035$fTESTPROGRAM$fTESTPROGRAM Bronze$uhttp://localhost/services/testprogram/docs/TESTPROGRAMProgramStatement.pdf
=852  0\$aTESTINST1$bHDC$ctestprogram-trust
=866  30$80$a4(1984/1985)-9, no.3(1989/1990)

