=LDR  00606ny  a22002053n 4500
=001  22930639730003841
=003  TestILS
=004  991003017839703841
=005  20210520081218.08
=007  ta
=008  1205040u\\\\0\\\0001ba\\\0\\\\\\\\\\\\\\
=014  1\$a36626220$bOCoLC
=022  0\$a1093-3263
=030  \\$aJMGMFI
=035  \\$a(OCoLC)36626220
=035  \\$a(TestILS)c12690764-01asu_inst
=245  00$aJournal of molecular graphics & modelling.
=561  \\$aTESTINST1
=583  \\$acommitted to retain$c20120403$dDecember 31, 2035$fTESTPROGRAM$fTESTPROGRAM Bronze$uhttp://localhost/services/testprogram/docs/TESTPROGRAMProgramStatement.pdf
=852  0\$aTESTINST1$bHDC$ctestprogram-trust
=866  30$80$a15(1997)-19(2001)

