=LDR  00768ny  a22002293n 4500
=001  22820732150003841
=003  TestILS
=004  991011782849703841
=005  20210520081217.97
=007  ta
=008  1505010u\\\\0\\\0001ba\\\0\\\\\\\\\\\\\\
=014  1\$a1782263$bOCoLC
=022  \\$a0022-1201
=035  \\$a(OCoLC)1782263
=035  \\$a(TestILS)c13578650-01asu_inst
=245  00$aJournal of forestry.
=561  \\$aTESTINST1
=561  \\$aCUZ
=583  \\$acommitted to retain$c20150501$dDecember 31, 2035$fTESTPROGRAM$fTESTPROGRAM Silver$uhttp://localhost/services/testprogram/docs/TESTPROGRAMProgramStatement.pdf
=583  \\$acompleteness reviewed$c20150501$fTESTPROGRAM$fTESTPROGRAM Silver$ivolume-level$lmissing volumes$zmissing vol. 72-83
=852  0\$aTESTINST1$bHDC$ctestprogram-trust
=866  30$80$a15(1917)-71(1973), 84(1986)--103(2005)
=867  30$80$a94(1996)

