=LDR  00744nx  a22001931n 4500
=003  TestILS
=004  991009234399703841
=007  ta
=001  221147859530003841
=008  2006255u\\\\0\\\0000ba\\\0\\\\\\
=005  20210520081217.96
=022  \\$a1220-7365
=035  \\$a(OCoLC)28372720
=245  00$aRomanian civilization.
=583  \\$acommitted to retain$c20200630$dDecember 31, 2035$fTESTPROGRAM$fTESTPROGRAM Gold$uhttp://localhost/services/testprogram/docs/TESTPROGRAMProgramStatement.pdf
=583  \\$acompleteness reviewed$c20200630$fTESTPROGRAM$fTESTPROGRAM Gold$iissue level$lmissing issues$zmissing v.1(1992)-2:1(1993), v.6-7, v.10(2002)+
=583  \\$acondition reviewed$c20200630$fTESTPROGRAM$fTESTPROGRAM Gold$iissue level
=561  \\$aTESTINST1
=852  0\$aTESTINST1$bHDC$ctestprogram-trust$hDR212$i.R64
=866  30$80$a2(1993)-5(1996), 8(1999)-9(2001)

