=LDR  00725nx  a22001931n 4500
=003  TestILS
=004  991032301899703841
=007  ta
=001  221171316860003841
=008  2105170u\\\\0\\\0000ba\\\0\\\\\\
=005  20210520081218.03
=022  \\$a0741-3246
=035  \\$a(OCoLC)10005039
=245  00$aChilton's motorcycle repair manual.
=583  \\$acommitted to retain$c20210514$d20351231$fTESTPROGRAM$fTESTPROGRAM Gold$uhttp://localhost/services/testprogram/docs/TESTPROGRAMProgramStatement.pdf
=583  \\$acompleteness reviewed$c20210514$fTESTPROGRAM$fTESTPROGRAM Gold$iissue level$lmissing issues$zmissing (1974)-(1975), (1977)-(1980), (1982) and after
=583  \\$acondition reviewed$c20210514$fTESTPROGRAM$fTESTPROGRAM Gold$iissue level
=561  \\$aTESTINST1
=852  0\$aTESTINST1$bHDC$ctestprogram-trust$hTL444$i.C494
=866  30$80$a(1976), (1981)

