=LDR  00605nx  a22001691n 4500
=003  TestILS
=004  991033913429703841
=007  ta
=001  221159216070003841
=008  1905090u\\\\0\\\0000ba\\\0\\\\\\
=005  20210520081218.01
=035  \\$a(OCoLC)11745891
=245  04$aThe Horn book.
=583  \\$acommitted to retain$c20190509$dDecember 31, 2035$fTESTPROGRAM$fTESTPROGRAM Silver$uhttp://localhost/services/testprogram/docs/TESTPROGRAMProgramStatement.pdf
=583  \\$acompleteness reviewed$c20190509$fTESTPROGRAM$fTESTPROGRAM Silver$ivolume level$lreprints$zv.1-2 reprints
=561  \\$aTESTINST1
=852  0\$aTESTINST1$bHDC$ctestprogram-trust$hZ1037.A1$iA15
=866  30$80$a1(1924/1925)-2, no.2(1926)

