=LDR  00754ny  a22002293n 4500
=001  22916127960003841
=003  TestILS
=004  991037158299703841
=005  20210520081217.99
=007  ta
=008  1404160u\\\\0\\\0001ba\\\0\\\\\\\\\\\\\\
=014  1\$a14227683$bOCoLC
=022  0\$a0892-7626
=035  \\$a(OCoLC)14227683
=035  \\$a(TestILS)c13382421-01asu_inst
=245  00$aJournal of applied business research.
=561  \\$aTESTINST1
=561  \\$aIYU
=583  \\$acommitted to retain$c20140416$dDecember 31, 2035$fTESTPROGRAM$fTESTPROGRAM Silver$uhttp://localhost/services/testprogram/docs/TESTPROGRAMProgramStatement.pdf
=583  \\$acompleteness reviewed$c20140416$fTESTPROGRAM$fTESTPROGRAM Silver$ivolume-level$lmissing volumes$zmissing vols. 1-3
=852  0\$aTESTINST1$bHDC$ctestprogram-trust
=866  30$80$a4(1986)-21(2005)
=868  30$80$a1(1985)-5(1988)

