=LDR  00782nx  a22001931n 4500
=003  TestILS
=004  991046609789703841
=007  ta
=001  221171363530003841
=008  2105180u\\\\0\\\0000ba\\\0\\\\\\
=005  20210520081217.74
=022  \\$a1048-2555
=035  \\$a(OCoLC)7832397
=245  00$aBuilding standards newsletter.
=583  \\$acommitted to retain$c20210514$d20351231$fTESTPROGRAM$fTESTPROGRAM Gold$uhttp://localhost/services/testprogram/docs/TESTPROGRAMProgramStatement.pdf
=583  \\$acompleteness reviewed$c20210514$fTESTPROGRAM$fTESTPROGRAM Gold$iissue level$lmissing issues$zmissing (1969)-(1987), (1988 Nov), (1989 Sep), (1990 Jan, Sep), (1992 Nov), (1994 Jan, Sep), (1998 May), (1999 May)
=583  \\$acondition reviewed$c20210514$fTESTPROGRAM$fTESTPROGRAM Gold$iissue level
=561  \\$aTESTINST1
=852  0\$aTESTINST1$bHDC$ctestprogram-trust$hTH1$i.P31x
=866  30$80$a(1988)-(1999)

