=LDR  00713ny  a22002173n 4500
=001  22887147270003841
=003  TestILS
=004  991012711249703841
=005  20210520081217.62
=007  ta
=008  1705080u\\\\0\\\0001ba\\\0\\\\\\\\\\\\\\
=014  1\$a6000393$bOCoLC
=022  \\$a0144-7076
=035  \\$a(OCoLC)6000393
=035  \\$a(TestILS)c14146940-01asu_inst
=245  10$aPN review.
=561  \\$aTESTINST1
=583  \\$acommitted to retain$c20170508$dDecember 31, 2035$fTESTPROGRAM$fTESTPROGRAM Silver$uhttp://localhost/services/testprogram/docs/TESTPROGRAMProgramStatement.pdf
=583  \\$acompleteness reviewed$c20170508$fTESTPROGRAM$fTESTPROGRAM Silver$ivolume-level
=852  0\$aTESTINST1$bHDC$ctestprogram-trust
=866  30$80$a6, no.2(1979)-32(2005/2006)
=868  30$80$a6, no.2(1979)-9(1983)

