=LDR  00876    a2200217 n 4500
=001  22828824130003841
=003  TestILS
=004  991008743759703841
=005  20210520081217.53
=007  ta
=008  1605200u\\\\0\\\0001ba\\\0\\\\\\\\\\\\\\
=014  1\$a1083180$bOCoLC
=022  \\$a0015-8410
=035  \\$a(OCoLC)1083180
=035  \\$a(TestILS)c13794589-01asu_inst
=245  10$aForum /$cUniversity of Houston.
=561  \\$aTESTINST1
=583  \\$acommitted to retain$c20160520$dDecember 31, 2035$fTESTPROGRAM$fTESTPROGRAM Gold$uhttp://localhost/services/testprogram/docs/TESTPROGRAMProgramStatement.pdf
=583  \\$acompleteness reviewed$c20160520$fTESTPROGRAM$fTESTPROGRAM Gold$iissue-level$lmissing volumes$zmissing v.3-5$lmissing issues$zmissing v.1:1-3; 2:2; 3:2-3; 15:1
=583  \\$acondition reviewed$c20160520$fTESTPROGRAM$fTESTPROGRAM Gold$iissue-level$lloose pages$zv.15:2-3 all pages falling out
=852  0\$aTESTINST1$bHDC$ctestprogram-trust
=866  30$80$a1(1957)-3(1958), 6(1968)-18(1980)

