=LDR  00708    a2200205 n 4500
=001  22843144250003841
=003  TestILS
=004  991041203539703841
=005  20210520081217.59
=007  ta
=008  1505190u\\\\0\\\0001ba\\\0\\\\\\\\\\\\\\
=014  1\$a18994041$bOCoLC
=035  \\$a(OCoLC)18994041
=035  \\$a(TestILS)c13604521-01asu_inst
=245  00$aBaseball history.
=561  \\$aTESTINST1
=583  \\$acommitted to retain$c20150519$dDecember 31, 2035$fTESTPROGRAM$fTESTPROGRAM Gold$uhttp://localhost/services/testprogram/docs/TESTPROGRAMProgramStatement.pdf
=583  \\$acompleteness reviewed$c20150519$fTESTPROGRAM$fTESTPROGRAM Gold$iissue-level
=583  \\$acondition reviewed$c20150519$fTESTPROGRAM$fTESTPROGRAM Gold$iissue-level
=852  0\$aTESTINST1$bHDC$ctestprogram-trust
=866  30$80$a[1](1989)-4(1991)

