=LDR  00692nx  a22001931n 4500
=003  TestILS
=004  991011920439703841
=007  ta
=001  221147889790003841
=008  2006255u\\\\0\\\0000ba\\\0\\\\\\
=005  20210520081217.89
=022  \\$a0070-9166
=035  \\$a(OCoLC)2255305
=245  00$aEducation for nursing--the diploma way.
=583  \\$acommitted to retain$c20200625$dDecember 31, 2035$fTESTPROGRAM$fTESTPROGRAM Gold$uhttp://localhost/services/testprogram/docs/TESTPROGRAMProgramStatement.pdf
=583  \\$acompleteness reviewed$c20200625$fTESTPROGRAM$fTESTPROGRAM Gold$iissue level$lmissing issues$zmissing 1966-1987/88
=583  \\$acondition reviewed$c20200625$fTESTPROGRAM$fTESTPROGRAM Gold$iissue level
=561  \\$aTESTINST1
=852  0\$aTESTINST1$bHDC$ctestprogram-trust$hRT79$i.E35
=866  30$80$a(1988/89)

