=LDR  00698nx  a22001931n 4500
=003  TestILS
=004  991042424769703841
=007  ta
=001  221171326970003841
=008  2105160u\\\\0\\\0000ba\\\0\\\\\\
=005  20210520081217.51
=022  \\$a1049-3999
=035  \\$a(OCoLC)21219088
=245  00$aOrganizations involved in Soviet-American relations.
=583  \\$acommitted to retain$c20210514$d20351231$fTESTPROGRAM$fTESTPROGRAM Gold$uhttp://localhost/services/testprogram/docs/TESTPROGRAMProgramStatement.pdf
=583  \\$acompleteness reviewed$c20210514$fTESTPROGRAM$fTESTPROGRAM Gold$iissue level$lmissing issues$zmissing (1990) and after
=583  \\$acondition reviewed$c20210514$fTESTPROGRAM$fTESTPROGRAM Gold$iissue level
=561  \\$aTESTINST1
=852  0\$aTESTINST1$bHDC$ctestprogram-trust$hE183.8.S65$iO74
=866  30$80$a(1983), (1986)

