=LDR  00632nx  a22001811n 4500
=003  TestILS
=004  991011527939703841
=007  ta
=001  221065099140003841
=008  1805040u\\\\0\\\0000ba\\\0\\\\\\
=005  20210520081217.94
=022  \\$a0010-3632
=035  \\$a(OCoLC)1564496
=245  00$aCommunications news.
=583  \\$acommitted to retain$c20180504$dDecember 31, 2035$fTESTPROGRAM$fTESTPROGRAM Silver$uhttp://localhost/services/testprogram/docs/TESTPROGRAMProgramStatement.pdf
=583  \\$acompleteness reviewed$c20180504$fTESTPROGRAM$fTESTPROGRAM Silver$ivolume level$lmissing volumes$zmissing v.1-20;  v.36:6
=561  \\$aTESTINST1
=852  0\$aTESTINST1$bHDC$ctestprogram-trust$hHE1 .C6x
=866  30$80$a21(1984)-42(2005)

