=LDR  00930    a2200217 n 4500
=001  22928948040003841
=003  TestILS
=004  991038378859703841
=005  20210520081217.54
=007  ta
=008  1705080u\\\\0\\\0001ba\\\0\\\\\\\\\\\\\\
=014  1\$a2262290$bOCoLC
=022  0\$a0093-2183$l0093-2183$21
=035  \\$a(OCoLC)2262290
=035  \\$a(TestILS)c14148353-01asu_inst
=245  00$aIndustrial medicine.
=561  \\$aTESTINST1
=583  \\$acommitted to retain$c20170508$dDecember 31, 2035$fTESTPROGRAM$fTESTPROGRAM Gold$uhttp://localhost/services/testprogram/docs/TESTPROGRAMProgramStatement.pdf
=583  \\$acompleteness reviewed$c20170508$fTESTPROGRAM$fTESTPROGRAM Gold$iissue-level$lmissing volumes$zmissing v.11; v.16; v.18$lmissing issues$zmissing v.10:1,5-7,10; v.12:1-3,5,7; v.13:4; v.15:2-12; v.17:1-6,8-12; v.18:2,4,5
=583  \\$acondition reviewed$c20170508$fTESTPROGRAM$fTESTPROGRAM Gold$iissue-level
=852  0\$aTESTINST1$bHDC$ctestprogram-trust$hRC963$i.A37
=866  30$80$a10(1941), 12(1943)-15(1946), 17(1948)-18(1949)

