=LDR  00706ny  a22002053n 4500
=001  22820358720003841
=003  TestILS
=004  991033881069703841
=005  20210520081218.00
=007  ta
=008  1207090u\\\\0\\\0001ba\\\0\\\\\\\\\\\\\\
=014  1\$a10886888$bOCoLC
=022  \\$a1535-0959
=035  \\$a(OCoLC)10886888
=035  \\$a(TestILS)c12808878-01asu_inst
=245  04$aThe Slavonic and East European review.
=561  \\$aTESTINST1
=583  \\$acommitted to retain$c20120709$dDecember 31, 2035$fTESTPROGRAM$fTESTPROGRAM Silver$uhttp://localhost/services/testprogram/docs/TESTPROGRAMProgramStatement.pdf
=583  \\$acompleteness reviewed$c20120709$fTESTPROGRAM$fTESTPROGRAM Silver$ivolume-level$lreprints$zv.10-18 reprints
=852  0\$aTESTINST1$bHDC$ctestprogram-trust$hD377.A1$iS65
=866  30$80$a10(1932)-18(1939)

