=LDR  00875    a2200229 n 4500
=001  22931495870003841
=003  TestILS
=004  991011761769703841
=005  20210520081217.56
=007  ta
=008  1404160u\\\\0\\\0001ba\\\0\\\\\\\\\\\\\\
=014  1\$a1773249$bOCoLC
=022  0\$a0160-287X
=035  \\$a(OCoLC)1773249
=035  \\$a(TestILS)c13402304-01asu_inst
=245  10$aWassaja.
=561  \\$aTESTINST1
=561  \\$aNTD
=583  \\$acommitted to retain$c20140416$dDecember 31, 2035$fTESTPROGRAM$fTESTPROGRAM Gold$uhttp://localhost/services/testprogram/docs/TESTPROGRAMProgramStatement.pdf
=583  \\$acompleteness reviewed$c20140416$fTESTPROGRAM$fTESTPROGRAM Gold$iissue-level$lmissing issues$zmissing vol. 5 issues 3-4; vol. 7 issue 8$lbinding patterns vary$zvols. 3-4, 5-7 bound together
=583  \\$acondition reviewed$c20140416$fTESTPROGRAM$fTESTPROGRAM Gold$iissue-level
=852  0\$aTESTINST1$bHDC$ctestprogram-trust$hE75$i.W37x
=866  30$80$a1(1973)-7(1979)

