=LDR  00850    a2200229 n 4500
=001  22965466900003841
=003  TestILS
=004  991025119819703841
=005  20210520081217.41
=007  ta
=008  1605010u\\\\0\\\0001ba\\\0\\\\\\\\\\\\\\
=014  1\$a6694528$bOCoLC
=022  1\$a0271-8529
=035  \\$a(OCoLC)6694528
=035  \\$a(TestILS)c13791825-01asu_inst
=245  00$aAAPG memoir.
=561  \\$aTESTINST1
=583  \\$acommitted to retain$c20160501$dDecember 31, 2035$fTESTPROGRAM$fTESTPROGRAM Gold$uhttp://localhost/services/testprogram/docs/TESTPROGRAMProgramStatement.pdf
=583  \\$acompleteness reviewed$c20160501$fTESTPROGRAM$fTESTPROGRAM Gold$iissue-level$lmissing issues$zmissing no. 47, 51
=583  \\$acondition reviewed$c20160501$fTESTPROGRAM$fTESTPROGRAM Gold$iissue-level
=852  0\$aTESTINST1$bHDC$ctestprogram-trust
=866  30$80$ano.29(1979)-46(1989), 48(1989)-50(1990), 52(1991)-86(2005)
=866  30$80$ano.43(1988), 48(1989)

