=LDR  00757    a2200217 n 4500
=001  22916950070003841
=003  TestILS
=004  991037151919703841
=005  20210520081217.99
=007  ta
=008  1405150u\\\\0\\\0001ba\\\0\\\\\\\\\\\\\\
=014  1\$a13868498$bOCoLC
=022  0\$a0889-3977$l0889-3977
=035  \\$a(OCoLC)13868498
=035  \\$a(TestILS)c13404271-01asu_inst
=245  00$aAdvances in sports medicine and fitness.
=561  \\$aTESTINST1
=583  \\$acommitted to retain$c20140515$dDecember 31, 2035$fTESTPROGRAM$fTESTPROGRAM Gold$uhttp://localhost/services/testprogram/docs/TESTPROGRAMProgramStatement.pdf
=583  \\$acompleteness reviewed$c20140515$fTESTPROGRAM$fTESTPROGRAM Gold$iissue-level
=583  \\$acondition reviewed$c20140515$fTESTPROGRAM$fTESTPROGRAM Gold$iissue-level
=852  0\$aTESTINST1$bHDC$ctestprogram-trust$hRC1200$i.A38
=866  30$80$a1(1988)-3(1990)

