=LDR  00741    a2200217 n 4500
=001  22877886090003841
=003  TestILS
=004  991011903889703841
=005  20210520081217.88
=007  ta
=008  1505060u\\\\0\\\0001ba\\\0\\\\\\\\\\\\\\
=014  1\$a2244207$bOCoLC
=022  \\$a0360-179X
=035  \\$a(OCoLC)2244207
=035  \\$a(TestILS)c13597565-01asu_inst
=245  00$aPapers in Slovene studies.
=561  \\$aTESTINST1
=583  \\$acommitted to retain$c20150506$dDecember 31, 2035$fTESTPROGRAM$fTESTPROGRAM Gold$uhttp://localhost/services/testprogram/docs/TESTPROGRAMProgramStatement.pdf
=583  \\$acompleteness reviewed$c20150506$fTESTPROGRAM$fTESTPROGRAM Gold$iissue-level
=583  \\$acondition reviewed$c20150506$fTESTPROGRAM$fTESTPROGRAM Gold$iissue-level
=852  0\$aTESTINST1$bHDC$ctestprogram-trust$hDR381.S642$iP36
=866  30$80$a1975-1978

