=LDR  00809    a2200229 n 4500
=001  22887521160003841
=003  TestILS
=004  991011912069703841
=005  20210520081217.89
=007  ta
=008  1605010u\\\\0\\\0001ba\\\0\\\\\\\\\\\\\\
=014  1\$a2247124$bOCoLC
=022  \\$a0361-6525
=030  \\$aSOCIDT
=035  \\$a(OCoLC)2247124
=035  \\$a(TestILS)c13792891-01asu_inst
=245  00$aSociobiology.
=561  \\$aTESTINST1
=583  \\$acommitted to retain$c20160501$dDecember 31, 2035$fTESTPROGRAM$fTESTPROGRAM Gold$uhttp://localhost/services/testprogram/docs/TESTPROGRAMProgramStatement.pdf
=583  \\$acompleteness reviewed$c20160501$fTESTPROGRAM$fTESTPROGRAM Gold$iissue-level$lmissing volumes$zmissing v.1-3, 28
=583  \\$acondition reviewed$c20160501$fTESTPROGRAM$fTESTPROGRAM Gold$iissue-level
=852  0\$aTESTINST1$bHDC$ctestprogram-trust
=866  30$80$a4(1979)-27(1996), 29(1997)-46(2005)

