=LDR  00572nx  a22001691n 4500
=003  TestILS
=004  991007910069703841
=007  ta
=001  221066553740003841
=008  1805140u\\\\0\\\0000ba\\\0\\\\\\
=005  20210520081217.50
=035  \\$a(OCoLC)30637174
=245  10$aConsumer interests annual :$bannual Conference of the American Council on Consumer Interests.
=583  \\$acommitted to retain$c20180514$dDecember 31, 2035$fTESTPROGRAM$fTESTPROGRAM Silver$uhttp://localhost/services/testprogram/docs/TESTPROGRAMProgramStatement.pdf
=583  \\$acompleteness reviewed$c20180514$fTESTPROGRAM$fTESTPROGRAM Silver$ivolume level
=561  \\$aTESTINST1
=852  0\$aTESTINST1$bHDC$ctestprogram-trust$hHC110 .C6 C6
=866  30$80$ano.40(1994)-46(2000)

