=LDR  00606ny  a22002053n 4500
=001  22863010440003841
=003  TestILS
=004  991004046299703841
=005  20210520081218.09
=007  ta
=008  1205040u\\\\0\\\0001ba\\\0\\\\\\\\\\\\\\
=014  1\$a39456582$bOCoLC
=022  \\$a1387-1811
=030  \\$aMIMMFJ
=035  \\$a(OCoLC)39456582
=035  \\$a(TestILS)c12690995-01asu_inst
=245  00$aMicroporous and mesoporous materials :$bthe official journal of the International Zeolite Association.
=561  \\$aTESTINST1
=583  \\$acommitted to retain$c20120403$dDecember 31, 2035$fTESTPROGRAM$fTESTPROGRAM Bronze$uhttp://localhost/services/testprogram/docs/TESTPROGRAMProgramStatement.pdf
=852  0\$aTESTINST1$bHDC$ctestprogram-trust
=866  30$80$a20(1998)-49(2001)

