=LDR  00765    a2200217 n 4500
=001  22828498100003841
=003  TestILS
=004  991030574329703841
=005  20210520081217.47
=007  ta
=008  1505010u\\\\0\\\0001ba\\\0\\\\\\\\\\\\\\
=014  1\$a4818152$bOCoLC
=035  \\$a(OCoLC)4818152
=035  \\$a(TestILS)c13596214-01asu_inst
=245  00$aCollier's encyclopedia year book.
=561  \\$aTESTINST1
=561  \\$aCDS
=583  \\$acommitted to retain$c20150501$dDecember 31, 2035$fTESTPROGRAM$fTESTPROGRAM Gold$uhttp://localhost/services/testprogram/docs/TESTPROGRAMProgramStatement.pdf
=583  \\$acompleteness reviewed$c20150501$fTESTPROGRAM$fTESTPROGRAM Gold$iissue-level$lmissing volumes$zmissing 1957
=583  \\$acondition reviewed$c20150501$fTESTPROGRAM$fTESTPROGRAM Gold$iissue-level
=852  0\$aTESTINST1$bHDC$ctestprogram-trust$hAE5$i.C684
=866  30$80$a(1958)-(1963)

