=LDR  00650nx  a22001931n 4500
=003  TestILS
=004  991011824899703841
=007  ta
=001  221159384880003841
=008  2103030u\\\\0\\\0000ba\\\0\\\\\\
=005  20210520081217.75
=022  \\$a0376-8686
=035  \\$a(OCoLC)1794624
=245  00$aDutch studies.
=583  \\$acommitted to retain$c20210303$d20351231$fTESTPROGRAM$fTESTPROGRAM Gold$uhttp://localhost/services/testprogram/docs/TESTPROGRAMProgramStatement.pdf
=583  \\$acompleteness reviewed$c20210303$fTESTPROGRAM$fTESTPROGRAM Gold$iissue level
=583  \\$acondition reviewed$c20210303$fTESTPROGRAM$fTESTPROGRAM Gold$iissue level
=561  \\$aTESTINST1
=852  0\$aTESTINST1$bHDC$ctestprogram-trust$hPF1$i.D85
=866  30$80$a1(1974)-4(1980)

