=LDR  00656nx  a22001931n 4500
=003  TestILS
=004  991011891789703841
=007  ta
=001  221154659680003841
=008  2103085u\\\\0\\\0000ba\\\0\\\\\\
=005  20210520081217.66
=022  \\$a0033-6300
=035  \\$a(OCoLC)2240139
=245  04$aThe Little magazine.
=583  \\$acommitted to retain$c20210308$d20351231$fTESTPROGRAM$fTESTPROGRAM Gold$uhttp://localhost/services/testprogram/docs/TESTPROGRAMProgramStatement.pdf
=583  \\$acompleteness reviewed$c20210308$fTESTPROGRAM$fTESTPROGRAM Gold$iissue level
=583  \\$acondition reviewed$c20210308$fTESTPROGRAM$fTESTPROGRAM Gold$iissue level
=561  \\$aTESTINST1
=852  0\$aTESTINST1$bHDC$ctestprogram-trust$hAP2$i.Q43
=866  30$80$a4(1970/1971)-20(1994)

