=LDR  00698nx  a22001931n 4500
=003  TestILS
=004  991016981059703841
=007  ta
=001  221135123080003841
=008  2001275u\\\\0\\\0000ba\\\0\\\\\\
=005  20210520081218.18
=022  \\$a0008-7947
=035  \\$a(OCoLC)1553536
=245  00$aCatholic business education review.
=583  \\$acommitted to retain$c20200127$dDecember 31, 2035$fTESTPROGRAM$fTESTPROGRAM Gold$uhttp://localhost/services/testprogram/docs/TESTPROGRAMProgramStatement.pdf
=583  \\$acompleteness reviewed$c20200127$fTESTPROGRAM$fTESTPROGRAM Gold$iissue level$lmissing issues$zv.1(1949)-13(1961/62)
=583  \\$acondition reviewed$c20200127$fTESTPROGRAM$fTESTPROGRAM Gold$iissue level
=561  \\$aTESTINST1
=852  0\$aTESTINST1$bHDC$ctestprogram-trust$hHF1101$i.C3
=866  30$80$a14(1962/1963)

