=LDR  00744ny  a22002173n 4500
=001  22833720370003841
=003  TestILS
=004  991014226339703841
=005  20210520081218.16
=007  ta
=008  1605090u\\\\0\\\0001ba\\\0\\\\\\\\\\\\\\
=014  1\$a2779230$bOCoLC
=022  \\$a0305-8018
=035  \\$a(OCoLC)2779230
=035  \\$a(TestILS)c13793792-01asu_inst
=245  00$aTeaching geography.
=561  \\$aTESTINST1
=583  \\$acommitted to retain$c20160509$dDecember 31, 2035$fTESTPROGRAM$fTESTPROGRAM Silver$uhttp://localhost/services/testprogram/docs/TESTPROGRAMProgramStatement.pdf
=583  \\$acompleteness reviewed$c20160509$fTESTPROGRAM$fTESTPROGRAM Silver$ivolume-level$lmissing volumes$zmissing v.26:1-3
=852  0\$aTESTINST1$bHDC$ctestprogram-trust$hG72$i.T4x
=866  30$80$a1(1975)-31(2006)
=867  30$80$a17(1992)-20(1995)

