=LDR  00771    a2200205 n 4500
=001  22931346570003841
=003  TestILS
=004  991011762299703841
=005  20210520081217.56
=007  ta
=008  1505010u\\\\0\\\0001ba\\\0\\\\\\\\\\\\\\
=014  1\$a1773489$bOCoLC
=035  \\$a(OCoLC)1773489
=035  \\$a(TestILS)c13581909-01asu_inst
=245  00$aNorwegian-American studies and records.
=561  \\$aTESTINST1
=583  \\$acommitted to retain$c20150501$dDecember 31, 2035$fTESTPROGRAM$fTESTPROGRAM Gold$uhttp://localhost/services/testprogram/docs/TESTPROGRAMProgramStatement.pdf
=583  \\$acompleteness reviewed$c20150501$fTESTPROGRAM$fTESTPROGRAM Gold$iissue-level$lbinding patterns vary$zfor vols 5-10, two volumes bound together
=583  \\$acondition reviewed$c20150501$fTESTPROGRAM$fTESTPROGRAM Gold$iissue-level
=852  0\$aTESTINST1$bHDC$ctestprogram-trust
=866  30$80$a6(1931)-20(1959)

