=LDR  00755ny  a22002173n 4500
=001  22861393060003841
=003  TestILS
=004  991019820209703841
=005  20210520081217.82
=007  ta
=008  1204300u\\\\0\\\0001ba\\\0\\\\\\\\\\\\\\
=014  1\$a3786460$bOCoLC
=022  0\$a0161-7222$l0161-7222
=035  \\$a(OCoLC)3786460
=035  \\$a(TestILS)c12688848-01asu_inst
=245  00$aStudia mystica.
=561  \\$aTESTINST1
=583  \\$acommitted to retain$c20120430$dDecember 31, 2035$fTESTPROGRAM$fTESTPROGRAM Gold$uhttp://localhost/services/testprogram/docs/TESTPROGRAMProgramStatement.pdf
=583  \\$acompleteness reviewed$c20120430$fTESTPROGRAM$fTESTPROGRAM Gold$iissue-level
=583  \\$acondition reviewed$c20120430$fTESTPROGRAM$fTESTPROGRAM Gold$iissue-level
=852  0\$aTESTINST1$bHDC$ctestprogram-trust$hBL625$i.S79
=866  30$80$a1(1978)-24(2003)

