=LDR  01056nx  a22001811n 4500
=003  TestILS
=004  991011449399703841
=007  ta
=001  221033148520003841
=008  1708110u\\\\0\\\0001ba\\\0\\\\\\
=005  20210520081217.71
=022  \\$a0429-9345
=035  \\$a(OCoLC)1443090
=245  00$aFAO fisheries technical paper.
=583  \\$acommitted to retain$c20170811$dDecember 31, 2035$fTESTPROGRAM$fTESTPROGRAM Silver$uhttp://localhost/services/testprogram/docs/TESTPROGRAMProgramStatement.pdf
=583  \\$acompleteness reviewed$c20170811$fTESTPROGRAM$fTESTPROGRAM Silver$iissue-level$lmissing volumes$zmissing no.1-16, 18-23, 25-36, 38-41, 55-85, 87-95, 97-100, 102-116, 118-120, 122-133, 135-136, 139, 145, 156, 177, 180, 192, 195, 204, 215, 230, 246, 253, 269, 280, 290, 302, 310, 372, 390, 399, 447
=561  \\$aTESTINST1
=852  0\$aTESTINST1$bHDC$ctestprogram-trust$hSH 1 .F2
=866  30$80$ano.86,96,101,117,121,134,137-138,140-144,146-155,157-176,178-179,181-191,193-194,196-203,205-214,216-224,226-229,231-245,247-252,254-268,270-279,281-289,291-301,303-309,311-362,364-371,373-389,391-398,400-445, 448-457, 459, 462-474, 476, 478, 480, 482, 484, 486, 494

