=LDR  00593nx  a22001811n 4500
=003  TestILS
=004  991022909329703841
=007  ta
=001  221157486260003841
=008  2012020u\\\\0\\\0000ba\\\0\\\\\\
=005  20210520081217.76
=022  \\$a0110-540X
=035  \\$a(OCoLC)5932748
=245  00$aNew Zealand journal of archaeology.
=583  \\$acommitted to retain$c20201202$dDecember 31, 2035$fTESTPROGRAM$fTESTPROGRAM Silver$uhttp://localhost/services/testprogram/docs/TESTPROGRAMProgramStatement.pdf
=583  \\$acompleteness reviewed$c20201202$fTESTPROGRAM$fTESTPROGRAM Silver$ivolume level
=561  \\$aTESTINST1
=852  0\$aTESTINST1$bHDC$ctestprogram-trust$hDU416$i.N48x
=866  30$80$a1(1979)-30(2008)

