=LDR  00680nx  a22001811n 4500
=003  TestILS
=004  991048466494403841
=007  ta
=001  221148639990003841
=008  2006305u\\\\0\\\0000ba\\\0\\\\\\
=005  20210520081217.93
=035  \\$a(OCoLC)14712875
=245  10$aGraphic design USA.
=583  \\$acommitted to retain$c20200630$dDecember 31, 2035$fTESTPROGRAM$fTESTPROGRAM Gold$uhttp://localhost/services/testprogram/docs/TESTPROGRAMProgramStatement.pdf
=583  \\$acompleteness reviewed$c20200630$fTESTPROGRAM$fTESTPROGRAM Gold$iissue level$lmissing issues$zmissing no.8(1987)-20(2000)
=583  \\$acondition reviewed$c20200630$fTESTPROGRAM$fTESTPROGRAM Gold$iissue level
=561  \\$aTESTINST1
=852  0\$aTESTINST1$bHDC$ctestprogram-trust$hNC998.5.A1 A37
=866  30$80$ano. 7(1986)

