=LDR  00698nx  a22001931n 4500
=003  TestILS
=004  991007551019703841
=007  ta
=001  221159384860003841
=008  2104230u\\\\0\\\0000ba\\\0\\\\\\
=005  20210520081217.49
=022  \\$a1474-7871
=035  \\$a(OCoLC)26835837
=245  00$aAdvances in management accounting.
=583  \\$acommitted to retain$c20210423$d20351231$fTESTPROGRAM$fTESTPROGRAM Gold$uhttp://localhost/services/testprogram/docs/TESTPROGRAMProgramStatement.pdf
=583  \\$acompleteness reviewed$c20210423$fTESTPROGRAM$fTESTPROGRAM Gold$iissue level$lmissing issues$zmissing v.18 and after
=583  \\$acondition reviewed$c20210423$fTESTPROGRAM$fTESTPROGRAM Gold$iissue level
=561  \\$aTESTINST1
=852  0\$aTESTINST1$bHDC$ctestprogram-trust$hHF5657.4$i.A38x
=866  30$80$a1(1992)-17(2009)

