=LDR  00766    a2200217 n 4500
=001  22886376230003841
=003  TestILS
=004  991027158229703841
=005  20210520081217.69
=007  ta
=008  1306050u\\\\0\\\0001ba\\\0\\\\\\\\\\\\\\
=014  1\$a7508329$bOCoLC
=035  \\$a(OCoLC)7508329
=035  \\$a(TestILS)c13183217-01asu_inst
=245  00$aMusic publishers journal.
=561  \\$aTESTINST1
=561  \\$aORE
=583  \\$acommitted to retain$c20130605$dDecember 31, 2035$fTESTPROGRAM$fTESTPROGRAM Gold$uhttp://localhost/services/testprogram/docs/TESTPROGRAMProgramStatement.pdf
=583  \\$acompleteness reviewed$c20130605$fTESTPROGRAM$fTESTPROGRAM Gold$iissue-level$lReprints$zvols. 1-4 Reprints
=583  \\$acondition reviewed$c20130605$fTESTPROGRAM$fTESTPROGRAM Gold$iissue-level
=852  0\$aTESTINST1$bHDC$ctestprogram-trust$hML1$i.M276
=866  30$80$a1(1943)-4(1946)

