=LDR  00788    a2200229 n 4500
=001  22868504930003841
=003  TestILS
=004  991011879399703841
=005  20210520081217.66
=007  ta
=008  1505010u\\\\0\\\0001ba\\\0\\\\\\\\\\\\\\
=014  1\$a2157383$bOCoLC
=022  0\$a0361-946X$l0361-946X
=035  \\$a(OCoLC)2157383
=035  \\$a(TestILS)c13582598-01asu_inst
=245  00$aMediaevalia.
=561  \\$aTESTINST1
=583  \\$acommitted to retain$c20150501$dDecember 31, 2035$fTESTPROGRAM$fTESTPROGRAM Gold$uhttp://localhost/services/testprogram/docs/TESTPROGRAMProgramStatement.pdf
=583  \\$acompleteness reviewed$c20150501$fTESTPROGRAM$fTESTPROGRAM Gold$iissue-level
=583  \\$acondition reviewed$c20150501$fTESTPROGRAM$fTESTPROGRAM Gold$iissue-level
=852  0\$aTESTINST1$bHDC$ctestprogram-trust$hCB351$i.M38
=866  30$80$a1(1975)-26(2005)
=867  30$80$a22(1999-2000)

