=LDR  00999    a2200265 n 4500
=001  22947925420003841
=003  TestILS
=004  991025083809703841
=005  20210520081217.44
=007  ta
=008  1405150u\\\\0\\\0001ba\\\0\\\\\\\\\\\\\\
=014  1\$a1084791$bOCoLC
=022  \\$a0003-1488
=030  \\$aJAVMA4
=035  \\$a(OCoLC)1084791
=035  \\$a(TestILS)c13404118-01asu_inst
=245  00$aJournal of the American Veterinary Medical Association.
=561  \\$aTESTINST1
=561  \\$aCUZ
=561  \\$aCSJ
=583  \\$acommitted to retain$c20140515$dDecember 31, 2035$fTESTPROGRAM$fTESTPROGRAM Gold$uhttp://localhost/services/testprogram/docs/TESTPROGRAMProgramStatement.pdf
=583  \\$acompleteness reviewed$c20140515$fTESTPROGRAM$fTESTPROGRAM Gold$iissue-level$lmissing volumes$zmissing vols. 84, 101, 114-119, 163-227$lmissing issues$zmissing vol. 105 Nov & Dec
=583  \\$acondition reviewed$c20130515$fTESTPROGRAM$fTESTPROGRAM Gold$iissue-level
=852  0\$aTESTINST1$bHDC$ctestprogram-trust
=866  30$80$a54(1918)-83(1933), 85(1934)-100(1942), 102(1943)-113(1948), 120(1952)-227(2005)
=867  30$80$a216(2000), 224(2004)

