=LDR  00599nx  a22001811n 4500
=003  TestILS
=004  991011525109703841
=007  ta
=001  221067245420003841
=008  1805140u\\\\0\\\0000ba\\\0\\\\\\
=005  20210520081217.94
=022  \\$a0098-7581
=035  \\$a(OCoLC)1562241
=245  10$aAmerican milk review.
=583  \\$acommitted to retain$c20180514$dDecember 31, 2035$fTESTPROGRAM$fTESTPROGRAM Silver$uhttp://localhost/services/testprogram/docs/TESTPROGRAMProgramStatement.pdf
=583  \\$acompleteness reviewed$c20180514$fTESTPROGRAM$fTESTPROGRAM Silver$ivolume level
=561  \\$aTESTINST1
=852  0\$aTESTINST1$bHDC$ctestprogram-trust$hSF221$i.A65
=866  30$80$a22(1960)-27, no.1(1965)

