=LDR  00640ny  a22001933n 4500
=001  22943931750003841
=003  TestILS
=004  991015077069703841
=005  20210520081218.10
=007  ta
=008  1407140u\\\\0\\\0001ba\\\0\\\\\\\\\\\\\\
=014  1\$a10082383$bOCoLC
=035  \\$a(OCoLC)10082383
=035  \\$a(TestILS)c13492597-01asu_inst
=245  00$aSources of the history of Oregon.
=561  \\$aORZ
=583  \\$acommitted to retain$c20140714$dDecember 31, 2035$fTESTPROGRAM$fTESTPROGRAM Silver$uhttp://localhost/services/testprogram/docs/TESTPROGRAMProgramStatement.pdf
=583  \\$acompleteness reviewed$c20140714$fTESTPROGRAM$fTESTPROGRAM Silver$ivolume-level
=852  0\$aTESTINST1$bHDC$ctestprogram-trust$hF871$i.O47
=866  30$80$a1(1842)

