=LDR  00653nx  a22001931n 4500
=003  TestILS
=004  991020857959703841
=007  ta
=001  221159417810003841
=008  2103025u\\\\0\\\0000ba\\\0\\\\\\
=005  20210520081217.85
=022  \\$a0165-7666
=035  \\$a(OCoLC)4707216
=245  00$aVICUS cuadernos:$pLingüística.
=583  \\$acommitted to retain$c20210302$d20351231$fTESTPROGRAM$fTESTPROGRAM Gold$uhttp://localhost/services/testprogram/docs/TESTPROGRAMProgramStatement.pdf
=583  \\$acompleteness reviewed$c20210302$fTESTPROGRAM$fTESTPROGRAM Gold$iissue level
=583  \\$acondition reviewed$c20210302$fTESTPROGRAM$fTESTPROGRAM Gold$iissue level
=561  \\$aTESTINST1
=852  0\$aTESTINST1$bHDC$ctestprogram-trust$hPM5001$i.V5x
=866  30$80$a1(1977)-2(1978)

