=LDR  00502ny  a22001693n 4500
=003  TestILS
=004  991020864419703841
=005  20210520081217.85
=001  221156767560003841
=007  ta
=008  2011130u\\\\0\\\0000ba\\\0\\\\\\
=022  \\$a0190-9320
=035  \\$a(OCoLC)4769287
=245  00$aPolitical behavior.
=561  \\$aTESTINST1
=583  \\$acommitted to retain$c20201113$d20351231$fTESTPROGRAM$fTESTPROGRAM Bronze$uhttp://localhost/services/testprogram/docs/TESTPROGRAMProgramStatement.pdf
=852  0\$aTESTINST1$bHDC$ctestprogram-trust$hJA74.5$i.P6
=866  30$80$a1(1979)-25(2003)

