=LDR  00741ny  a22002173n 4500
=001  22886471760003841
=003  TestILS
=004  991011908879703841
=005  20210520081217.89
=007  ta
=008  1705080u\\\\0\\\0001ba\\\0\\\\\\\\\\\\\\
=014  1\$a2246125$bOCoLC
=022  \\$a0013-1253
=035  \\$a(OCoLC)2246125
=035  \\$a(TestILS)c14127027-01asu_inst
=245  00$aEducation Canada.
=561  \\$aTESTINST1
=561  \\$aCSJ
=583  \\$acommitted to retain$c20170508$dDecember 31, 2035$fTESTPROGRAM$fTESTPROGRAM Silver$uhttp://localhost/services/testprogram/docs/TESTPROGRAMProgramStatement.pdf
=583  \\$acompleteness reviewed$c20170508$fTESTPROGRAM$fTESTPROGRAM Silver$ivolume-level$lmissing volumes$zmissing v.9:1; v.10:3;  v.37:3-4; v.42-44
=852  0\$aTESTINST1$bHDC$ctestprogram-trust
=866  30$80$a9(1969)-41(2002)

