=LDR  00766nx  a22001931n 4500
=003  TestILS
=004  991020813589703841
=007  ta
=001  221148329840003841
=008  2006305u\\\\0\\\0000ba\\\0\\\\\\
=005  20210520081217.83
=022  \\$a1013-0497
=035  \\$a(OCoLC)4286732
=245  10$aInternational bulletin /$cISIS.
=583  \\$acommitted to retain$c20200630$dDecember 31, 2035$fTESTPROGRAM$fTESTPROGRAM Gold$uhttp://localhost/services/testprogram/docs/TESTPROGRAMProgramStatement.pdf
=583  \\$acompleteness reviewed$c20200630$fTESTPROGRAM$fTESTPROGRAM Gold$iissue level$lbinding patterns vary$zno.18-21 bound with later title$lmissing issues$zmissing no. 2-3
=583  \\$acondition reviewed$c20200630$fTESTPROGRAM$fTESTPROGRAM Gold$iissue level
=561  \\$aTESTINST1
=852  0\$aTESTINST1$bHDC$ctestprogram-trust$hHQ1101$i.I85x
=866  30$80$ano. 1(1976), 4(1977)-21(1981)

