=LDR  00702    a2200205 n 4500
=001  22844813740003841
=003  TestILS
=004  991035512789703841
=005  20210520081217.98
=007  ta
=008  1701040u\\\\0\\\0001ba\\\0\\\\\\\\\\\\\\
=014  1\$a12857287$bOCoLC
=035  \\$a(OCoLC)12857287
=035  \\$a(TestILS)c14059186-01asu_inst
=245  00$aTechnical, trade, & business school data handbook.$pNortheast region.
=561  \\$aTESTINST1
=583  \\$acommitted to retain$c20170104$dDecember 31, 2035$fTESTPROGRAM$fTESTPROGRAM Gold$uhttp://localhost/services/testprogram/docs/TESTPROGRAMProgramStatement.pdf
=583  \\$acompleteness reviewed$c20170104$fTESTPROGRAM$fTESTPROGRAM Gold$iissue-level
=583  \\$acondition reviewed$c20170104$fTESTPROGRAM$fTESTPROGRAM Gold$iissue-level
=852  0\$aTESTINST1$bHDC$ctestprogram-trust
=866  30$80$a(1985/1986)

