=LDR  00716    a2200205 n 4500
=001  22892003300003841
=003  TestILS
=004  991030858109703841
=005  20210520081217.58
=007  ta
=008  1509110u\\\\0\\\0001ba\\\0\\\\\\\\\\\\\\
=014  1\$a9035404$bOCoLC
=035  \\$a(OCoLC)9035404
=035  \\$a(TestILS)c13663069-01asu_inst
=245  00$aTelephone & telegraph statistics of the world.
=561  \\$aAZU
=583  \\$acommitted to retain$c20150911$dDecember 31, 2035$fTESTPROGRAM$fTESTPROGRAM Gold$uhttp://localhost/services/testprogram/docs/TESTPROGRAMProgramStatement.pdf
=583  \\$acompleteness reviewed$c20150911$fTESTPROGRAM$fTESTPROGRAM Gold$iissue-level
=583  \\$acondition reviewed$c20150911$fTESTPROGRAM$fTESTPROGRAM Gold$iissue-level
=852  0\$aTESTINST1$bHDC$ctestprogram-trust$hHE8701$i.T42
=866  30$80$a[1914]-[1941]

