=LDR  00608ny  a22002053n 4500
=001  22838124330003841
=003  TestILS
=004  991009476479703841
=005  20210520081217.96
=007  ta
=008  1205010u\\\\0\\\0001ba\\\0\\\\\\\\\\\\\\
=014  1\$a40618487$bOCoLC
=022  \\$a1388-2457
=030  \\$aCNEUFU
=035  \\$a(OCoLC)40618487
=035  \\$a(TestILS)c12689026-01asu_inst
=245  00$aClinical neurophysiology :$bofficial journal of the International Federation of Clinical Neurophysiology.
=561  \\$aTESTINST1
=583  \\$acommitted to retain$c20120501$dDecember 31, 2035$fTESTPROGRAM$fTESTPROGRAM Bronze$uhttp://localhost/services/testprogram/docs/TESTPROGRAMProgramStatement.pdf
=852  0\$aTESTINST1$bHDC$ctestprogram-trust
=866  30$80$a110(1999)-112(2001)

