=LDR  00655nx  a22001931n 4500
=003  TestILS
=004  991010174529703841
=007  ta
=001  221153825660003841
=008  2103285u\\\\0\\\0000ba\\\0\\\\\\
=005  20210520081217.96
=022  \\$a0968-8773
=035  \\$a(OCoLC)28366324
=245  00$aCellular & molecular biology research.
=583  \\$acommitted to retain$c20210328$d20351231$fTESTPROGRAM$fTESTPROGRAM Gold$uhttp://localhost/services/testprogram/docs/TESTPROGRAMProgramStatement.pdf
=583  \\$acompleteness reviewed$c20210328$fTESTPROGRAM$fTESTPROGRAM Gold$iissue level
=583  \\$acondition reviewed$c20210328$fTESTPROGRAM$fTESTPROGRAM Gold$iissue level
=561  \\$aTESTINST1
=852  0\$aTESTINST1$bHDC$ctestprogram-trust$hQH611$i.A55
=866  30$80$a39(1993)-41(1995)

