=LDR  00644nx  a22001811n 4500
=003  TestILS
=004  991005907829703841
=007  ta
=001  221049886910003841
=008  1801030u\\\\0\\\0000ba\\\0\\\\\\
=005  20210520081218.17
=022  \\$a0003-1313
=035  \\$a(OCoLC)849560
=245  00$aAmerican string teacher.
=583  \\$acommitted to retain$c20180103$dDecember 31, 2035$fTESTPROGRAM$fTESTPROGRAM Silver$uhttp://localhost/services/testprogram/docs/TESTPROGRAMProgramStatement.pdf
=583  \\$acompleteness reviewed$c20180103$fTESTPROGRAM$fTESTPROGRAM Silver$ivolume level$lmissing volumes$zmissing v.1-13; v.16:4; v.17:2
=561  \\$aTESTINST1
=852  0\$aTESTINST1$bHDC$ctestprogram-trust$hML27.U5$iA8356
=866  30$80$a14(1964)-55(2005)

