=LDR  00760    a2200229 n 4500
=001  22885798260003841
=003  TestILS
=004  991033908039703841
=005  20210520081218.01
=007  ta
=008  1505190u\\\\0\\\0001ba\\\0\\\\\\\\\\\\\\
=014  1\$a11617785$bOCoLC
=022  0\$a8756-5714
=030  \\$aJACEEP
=035  \\$a(OCoLC)11617785
=035  \\$a(TestILS)c13604387-01asu_inst
=245  00$aJournal of accounting and EDP.
=561  \\$aTESTINST1
=583  \\$acommitted to retain$c20150519$dDecember 31, 2035$fTESTPROGRAM$fTESTPROGRAM Gold$uhttp://localhost/services/testprogram/docs/TESTPROGRAMProgramStatement.pdf
=583  \\$acompleteness reviewed$c20150519$fTESTPROGRAM$fTESTPROGRAM Gold$iissue-level
=583  \\$acondition reviewed$c20150519$fTESTPROGRAM$fTESTPROGRAM Gold$iissue-level
=852  0\$aTESTINST1$bHDC$ctestprogram-trust
=866  30$80$a1(1985)-6,no.1(1990)

