=LDR  00753nx  a22001931n 4500
=003  TestILS
=004  991011486359703841
=007  ta
=001  221126717070003841
=008  1908165u\\\\0\\\0000ba\\\0\\\\\\
=005  20210520081217.68
=022  \\$a0041-5243
=035  \\$a(OCoLC)1491285$z(OCoLC)1767962$z(OCoLC)6056632$z(OCoLC)213527296
=245  00$aUnesco bulletin for libraries.
=583  \\$acommitted to retain$c20190923$dDecember 31, 2035$fTESTPROGRAM$fTESTPROGRAM Gold$uhttp://localhost/services/testprogram/docs/TESTPROGRAMProgramStatement.pdf
=583  \\$acompleteness reviewed$c20190923$fTESTPROGRAM$fTESTPROGRAM Gold$iissue level$lmissing issues$zmissing v.1(1947)-6(1952)
=583  \\$acondition reviewed$c20190923$fTESTPROGRAM$fTESTPROGRAM Gold$iissue level
=561  \\$aTESTINST1
=852  0\$aTESTINST1$bHDC$ctestprogram-trust$hZ671$i.U5
=866  30$80$a7(1953)-32(1978)

