=LDR  00681    a2200217 n 4500
=001  22822645200003841
=003  TestILS
=004  991011780289703841
=005  20210520081217.57
=007  ta
=008  1405150u\\\\0\\\0001ba\\\0\\\\\\\\\\\\\\
=014  1\$a1781641$bOCoLC
=022  0\$a0031-305X
=035  \\$a(OCoLC)1781641
=035  \\$a(TestILS)c13404520-01asu_inst
=245  00$aPatient care.
=561  \\$aTESTINST1
=561  \\$aUBY
=583  \\$acommitted to retain$c20140515$dDecember 31, 2035$fTESTPROGRAM$fTESTPROGRAM Silver$uhttp://localhost/services/testprogram/docs/TESTPROGRAMProgramStatement.pdf
=583  \\$acompleteness reviewed$c20140515$fTESTPROGRAM$fTESTPROGRAM Silver$ivolume-level
=852  0\$aTESTINST1$bHDC$ctestprogram-trust
=866  30$80$a1(1967)-39(2005)

