=LDR  00727nx  a22001931n 4500
=003  TestILS
=004  991022857629703841
=007  ta
=001  221159188740003841
=008  2102175u\\\\0\\\0000ba\\\0\\\\\\
=005  20210520081218.14
=022  \\$a0193-9211
=035  \\$a(OCoLC)5269709
=245  00$aWord and spirit.
=583  \\$acommitted to retain$c20210217$d20351231$fTESTPROGRAM$fTESTPROGRAM Gold$uhttp://localhost/services/testprogram/docs/TESTPROGRAMProgramStatement.pdf
=583  \\$acompleteness reviewed$c20210217$fTESTPROGRAM$fTESTPROGRAM Gold$iissue level$lmissing issues$zmissing no.1(1979)-6(1984), no.15(1993)-18 (1997/98)
=583  \\$acondition reviewed$c20210217$fTESTPROGRAM$fTESTPROGRAM Gold$iissue level
=561  \\$aTESTINST1
=852  0\$aTESTINST1$bHDC$ctestprogram-trust$hBX801$i.W67
=866  30$80$ano. 7(1985)-14(1992)

