=LDR  00957ny  a22002173n 4500
=001  22815937400003841
=003  TestILS
=004  991011523979703841
=005  20210520081217.94
=007  ta
=008  1207100u\\\\0\\\0001ba\\\0\\\\\\\\\\\\\\
=014  1\$a1554858$bOCoLC
=022  0\$a0009-854X$l0009-854X
=035  \\$a(OCoLC)1554858
=035  \\$a(TestILS)c12809639-01asu_inst
=245  00$aClavier.
=561  \\$aTESTINST1
=583  \\$acommitted to retain$c20120711$dDecember 31, 2035$fTESTPROGRAM$fTESTPROGRAM Gold$uhttp://localhost/services/testprogram/docs/TESTPROGRAMProgramStatement.pdf
=583  \\$acompleteness reviewed$c20120711$fTESTPROGRAM$fTESTPROGRAM Gold$iissue-level$lmissing volumes$zmissing vol. 2$lmissing issues$zmissing vol. 1 issue 3-6; vol. 3 issues 1-3, 5; vol. 4 issue 2, 4-6; vol.27 issue 8$lmissing pages$zmissing pages vol.3 issue 6; vol. 21 issue 1
=583  \\$acondition reviewed$c20120711$fTESTPROGRAM$fTESTPROGRAM Gold$iissue-level
=852  0\$aTESTINST1$bHDC$ctestprogram-trust$hML1$i.C79
=866  30$80$a1(1962), 3(1964)-44(2005)

