=LDR  00729nx  a22001931n 4500
=003  TestILS
=004  991011460839703841
=007  ta
=001  221050008720003841
=008  1802055u\\\\0\\\0000ba\\\0\\\\\\
=005  20210520081217.67
=022  \\$a0002-0117
=035  \\$a(OCoLC)1461406
=245  14$aThe African review.
=583  \\$acommitted to retain$c20180205$dDecember 31, 2035$fTESTPROGRAM$fTESTPROGRAM Gold$uhttp://localhost/services/testprogram/docs/TESTPROGRAMProgramStatement.pdf
=583  \\$acompleteness reviewed$c20180205$fTESTPROGRAM$fTESTPROGRAM Gold$iissue level$lmissing volumes$zmissing v.1-5, v.20$lmissing issues$zmissing v.6:3
=583  \\$acondition reviewed$c20180205$fTESTPROGRAM$fTESTPROGRAM Gold$iissue level
=561  \\$aTESTINST1
=852  0\$aTESTINST1$bHDC$ctestprogram-trust$hDT31 .A66
=866  30$80$a6(1967)-19(1992)

