=LDR  00741ny  a22002053n 4500
=001  22838684140003841
=003  TestILS
=004  991011567129703841
=005  20210520081218.05
=007  ta
=008  1705080u\\\\0\\\0001ba\\\0\\\\\\\\\\\\\\
=014  1\$a1586535$bOCoLC
=022  \\$a0049-4127
=035  \\$a(OCoLC)1586535
=035  \\$a(TestILS)c14147452-01asu_inst
=245  00$aTopic.
=561  \\$aTESTINST1
=583  \\$acommitted to retain$c20170508$dDecember 31, 2035$fTESTPROGRAM$fTESTPROGRAM Silver$uhttp://localhost/services/testprogram/docs/TESTPROGRAMProgramStatement.pdf
=583  \\$acompleteness reviewed$c20170508$fTESTPROGRAM$fTESTPROGRAM Silver$ivolume-level$lmissing volumes$zmissing v.1-2; v.25; v.28-53, 55
=852  0\$aTESTINST1$bHDC$ctestprogram-trust
=866  30$80$a3(1962)-24(1972), 26(1973)-27(1974), 54(2004)

