=LDR  00639nx  a22001811n 4500
=003  TestILS
=004  991020229969703841
=007  ta
=001  221128982450003841
=008  1908165u\\\\0\\\0000ba\\\0\\\\\\
=005  20210520081217.82
=035  \\$a(OCoLC)3939564
=245  18$aThe ... annual of advertising, editorial & television art & design.
=583  \\$acommitted to retain$c20190923$dDecember 31, 2035$fTESTPROGRAM$fTESTPROGRAM Gold$uhttp://localhost/services/testprogram/docs/TESTPROGRAMProgramStatement.pdf
=583  \\$acompleteness reviewed$c20190923$fTESTPROGRAM$fTESTPROGRAM Gold$iissue level
=583  \\$acondition reviewed$c20190923$fTESTPROGRAM$fTESTPROGRAM Gold$iissue level
=561  \\$aTESTINST1
=852  0\$aTESTINST1$bHDC$ctestprogram-trust$hNC997.A1$iA69
=866  30$80$a47(1968)-51(1971)

