=LDR  00580    a2200193 n 4500
=001  22816467450003841
=003  TestILS
=004  991028913059703841
=005  20210520081218.20
=007  ta
=008  1505290u\\\\0\\\0001ba\\\0\\\\\\\\\\\\\\
=014  1\$a8435547$bOCoLC
=022  0\$a0261-5177
=035  \\$a(OCoLC)8435547
=035  \\$a(TestILS)c13606645-01asu_inst
=245  00$aTourism management.
=561  \\$aTESTINST1
=583  \\$acommitted to retain$c20130614$dDecember 31, 2035$fTESTPROGRAM$fTESTPROGRAM Bronze$uhttp://localhost/services/testprogram/docs/TESTPROGRAMProgramStatement.pdf
=852  0\$aTESTINST1$bHDC$ctestprogram-trust
=866  30$80$a4(1983)-23(2002)

