=LDR  00721ny  a22002053n 4500
=001  22823348670003841
=003  TestILS
=004  991008731029703841
=005  20210520081217.52
=007  ta
=008  1705080u\\\\0\\\0001ba\\\0\\\\\\\\\\\\\\
=014  1\$a968186$bOCoLC
=022  0\$a0006-7806
=035  \\$a(OCoLC)968186
=035  \\$a(TestILS)c14147233-01asu_inst
=245  00$aBorneo research bulletin.
=561  \\$aTESTINST1
=583  \\$acommitted to retain$c20170508$dDecember 31, 2035$fTESTPROGRAM$fTESTPROGRAM Silver$uhttp://localhost/services/testprogram/docs/TESTPROGRAMProgramStatement.pdf
=583  \\$acompleteness reviewed$c20170508$fTESTPROGRAM$fTESTPROGRAM Silver$ivolume-level$lmissing volumes$zmissing v.1-14, v.16-18
=852  0\$aTESTINST1$bHDC$ctestprogram-trust
=866  30$80$a14(1982)-15(1983), 19(1987)-37(2006)

