=LDR  00675nx  a22001931n 4500
=003  TestILS
=004  991020828119703841
=007  ta
=001  221132985560003841
=008  1912315u\\\\0\\\0000ba\\\0\\\\\\
=005  20210520081217.84
=022  \\$a0886-6686
=035  \\$a(OCoLC)4417838
=245  10$aUnited Nations resolutions.$nSeries 1,$pResolutions adopted by the General Assembly.
=583  \\$acommitted to retain$c20191231$dDecember 31, 2035$fTESTPROGRAM$fTESTPROGRAM Gold$uhttp://localhost/services/testprogram/docs/TESTPROGRAMProgramStatement.pdf
=583  \\$acompleteness reviewed$c20191231$fTESTPROGRAM$fTESTPROGRAM Gold$iissue level
=583  \\$acondition reviewed$c20191231$fTESTPROGRAM$fTESTPROGRAM Gold$iissue level
=561  \\$aTESTINST1
=852  0\$aTESTINST1$bHDC$ctestprogram-trust$hJX1977$i.A428a
=866  30$80$a1(1946/1948)-24(1985/1986)

