=LDR  00945ny  a22002293n 4500
=001  22854725770003841
=003  TestILS
=004  991011853479703841
=005  20210520081217.38
=007  ta
=008  1705080u\\\\0\\\0001ba\\\0\\\\\\\\\\\\\\
=014  1\$a1964492$bOCoLC
=022  \\$a0029-7054
=035  \\$a(OCoLC)1964492
=035  \\$a(TestILS)c14127039-01asu_inst
=245  14$aThe OECD observer.
=561  \\$aTESTINST1
=583  \\$acommitted to retain$c20170508$dDecember 31, 2035$fTESTPROGRAM$fTESTPROGRAM Silver$uhttp://localhost/services/testprogram/docs/TESTPROGRAMProgramStatement.pdf
=583  \\$acompleteness reviewed$c20170508$fTESTPROGRAM$fTESTPROGRAM Silver$ivolume-level$lmissing volumes$zmissing no.68-125, 133, 156-161, 194, 224
=852  0\$aTESTINST1$bHDC$ctestprogram-trust$hHC240.A1$iO2
=866  30$80$ano.1(1962)-67(1973), 126(1984)-132(1985), 134(1985)-155(1989), 162(1990)-193(1995), 195(1995)-223(2000), 225(2001)-257(2006)
=867  30$80$a(1967), (1998), (2005)
=868  30$80$ano.1(1962)-30(1967), 173(1991)-184(1994)

