=LDR  00594nx  a22001811n 4500
=003  TestILS
=004  991017182899703841
=007  ta
=001  221114887770003841
=008  1905310u\\\\0\\\0000ba\\\0\\\\\\
=005  20210520081218.18
=022  \\$a1935-7214
=035  \\$a(OCoLC)71780449
=245  00$aTreasury & risk.
=583  \\$acommitted to retain$c20190531$dDecember 31, 2035$fTESTPROGRAM$fTESTPROGRAM Silver$uhttp://localhost/services/testprogram/docs/TESTPROGRAMProgramStatement.pdf
=583  \\$acompleteness reviewed$c20190531$fTESTPROGRAM$fTESTPROGRAM Silver$ivolume level
=561  \\$aTESTINST1
=852  0\$aTESTINST1$bHDC$ctestprogram-trust$hHG4028.C45$iT73
=866  30$80$a(2006)-(2012)

