=LDR  00730    a2200217 n 4500
=001  22880186610003841
=003  TestILS
=004  991011900759703841
=005  20210520081217.88
=007  ta
=008  1505150u\\\\0\\\0001ba\\\0\\\\\\\\\\\\\\
=014  1\$a2243301$bOCoLC
=022  \\$a0099-1015
=035  \\$a(OCoLC)2243301
=035  \\$a(TestILS)c1359865x-01asu_inst
=245  04$aThe County year book.
=561  \\$aTESTINST1
=583  \\$acommitted to retain$c20150515$dDecember 31, 2035$fTESTPROGRAM$fTESTPROGRAM Gold$uhttp://localhost/services/testprogram/docs/TESTPROGRAMProgramStatement.pdf
=583  \\$acompleteness reviewed$c20150515$fTESTPROGRAM$fTESTPROGRAM Gold$iissue-level
=583  \\$acondition reviewed$c20150515$fTESTPROGRAM$fTESTPROGRAM Gold$iissue-level
=852  0\$aTESTINST1$bHDC$ctestprogram-trust
=866  30$80$a1(1975)-4(1978)

