=LDR  00797    a2200217 n 4500
=001  22921073920003841
=003  TestILS
=004  991011657189703841
=005  20210520081217.61
=007  ta
=008  1310170u\\\\0\\\0001ba\\\0\\\\\\\\\\\\\\
=014  1\$a1715569$bOCoLC
=022  \\$a0023-3757
=035  \\$a(OCoLC)1715569
=035  \\$a(TestILS)c13265921-01asu_inst
=245  10$aKontur /$cutgiven av Svenska slöjdföreningen.
=561  \\$aTESTINST1
=583  \\$acommitted to retain$c20131017$dDecember 31, 2035$fTESTPROGRAM$fTESTPROGRAM Gold$uhttp://localhost/services/testprogram/docs/TESTPROGRAMProgramStatement.pdf
=583  \\$acompleteness reviewed$c20131017$fTESTPROGRAM$fTESTPROGRAM Gold$iissue-level$lmissing volumes$zmissing vols. 2, 6-9
=583  \\$acondition reviewed$c20131017$fTESTPROGRAM$fTESTPROGRAM Gold$iissue-level
=852  0\$aTESTINST1$bHDC$ctestprogram-trust
=866  30$80$a1(1950), 3(1953)-5(1955), 10(1961)-13(1966)

