=LDR  00795    a2200241 n 4500
=001  22854248700003841
=003  TestILS
=004  991011831959703841
=005  20210520081217.75
=007  ta
=008  1401170u\\\\0\\\0001ba\\\0\\\\\\\\\\\\\\
=014  1\$a1798106$bOCoLC
=022  0\$a0095-4594$l0095-4594
=035  \\$a(OCoLC)1798106
=035  \\$a(TestILS)c13381325-01asu_inst
=245  00$aCorrections magazine.
=561  \\$aTESTINST1
=561  \\$aAZC
=561  \\$aAZU
=583  \\$acommitted to retain$c20140117$dDecember 31, 2035$fTESTPROGRAM$fTESTPROGRAM Gold$uhttp://localhost/services/testprogram/docs/TESTPROGRAMProgramStatement.pdf
=583  \\$acompleteness reviewed$c20140117$fTESTPROGRAM$fTESTPROGRAM Gold$iissue-level
=583  \\$acondition reviewed$c20140117$fTESTPROGRAM$fTESTPROGRAM Gold$iissue-level
=852  0\$aTESTINST1$bHDC$ctestprogram-trust$hHV9261$i.C66
=866  30$80$a1(1974)-9(1983)

