=LDR  00782ny  a22002053n 4500
=001  22953384470003841
=003  TestILS
=004  991011436579703841
=005  20210520081217.70
=007  ta
=008  1505010u\\\\0\\\0001ba\\\0\\\\\\\\\\\\\\
=014  1\$a1335867$bOCoLC
=035  \\$a(OCoLC)1335867
=035  \\$a(TestILS)c13578649-01asu_inst
=245  00$aForestry quarterly.
=561  \\$aTESTINST1
=561  \\$aUUS
=583  \\$acommitted to retain$c20150501$dDecember 31, 2035$fTESTPROGRAM$fTESTPROGRAM Silver$uhttp://localhost/services/testprogram/docs/TESTPROGRAMProgramStatement.pdf
=583  \\$acompleteness reviewed$c20150501$fTESTPROGRAM$fTESTPROGRAM Silver$ivolume-level$lmissing volumes$zmissing vol. 2; vo.3 issues 1-2,4; vol.9; vol. 10 issues 1 & 4; vol. 12
=852  0\$aTESTINST1$bHDC$ctestprogram-trust
=866  30$80$a1(1902)-8(1910), 10(1912)-11(1913), 13(1915)-14(1916)

