=LDR  00759    a2200229 n 4500
=001  22896977060003841
=003  TestILS
=004  991012166599703841
=005  20210520081217.62
=007  ta
=008  1405150u\\\\0\\\0001ba\\\0\\\\\\\\\\\\\\
=014  1\$a29693815$bOCoLC
=022  \\$a1350-0872
=030  \\$aMROBEO
=035  \\$a(OCoLC)29693815
=035  \\$a(TestILS)c13404179-01asu_inst
=245  10$aMicrobiology.
=561  \\$aTESTINST1
=583  \\$acommitted to retain$c20140515$dDecember 31, 2035$fTESTPROGRAM$fTESTPROGRAM Gold$uhttp://localhost/services/testprogram/docs/TESTPROGRAMProgramStatement.pdf
=583  \\$acompleteness reviewed$c20140515$fTESTPROGRAM$fTESTPROGRAM Gold$iissue-level
=583  \\$acondition reviewed$c20140515$fTESTPROGRAM$fTESTPROGRAM Gold$iissue-level
=852  0\$aTESTINST1$bHDC$ctestprogram-trust
=866  30$80$a140(1994)-151(2005)

