=LDR  00652nx  a22001811n 4500
=003  TestILS
=004  991022114549703841
=007  ta
=001  221068529550003841
=008  1805165u\\\\0\\\0000ba\\\0\\\\\\
=005  20210520081217.36
=035  \\$a(OCoLC)35707386
=245  10$aAbridged final report with resolutions and recommendations /$cWorld Meteorological Organization, Regional Association VI (Europe).
=583  \\$acommitted to retain$c20180523$dDecember 31, 2035$fTESTPROGRAM$fTESTPROGRAM Gold$uhttp://localhost/services/testprogram/docs/TESTPROGRAMProgramStatement.pdf
=583  \\$acompleteness reviewed$c20180523$fTESTPROGRAM$fTESTPROGRAM Gold$iissue level
=583  \\$acondition reviewed$c20180523$fTESTPROGRAM$fTESTPROGRAM Gold$iissue level
=561  \\$aTESTINST1
=852  0\$aTESTINST1$bHDC$ctestprogram-trust$hQC851 .W6445
=866  30$80$ano.11(1994), 13(2002)-14(2005)

