=LDR  00776nx  a22001931n 4500
=003  TestILS
=004  991011464349703841
=007  ta
=001  221048919460003841
=008  1801055u\\\\0\\\0000ba\\\0\\\\\\
=005  20210520081217.67
=022  \\$a0041-9354
=035  \\$a(OCoLC)1478982
=245  00$aAnthropological papers of the University of Alaska.
=583  \\$acommitted to retain$c20180105$dDecember 31, 2035$fTESTPROGRAM$fTESTPROGRAM Gold$uhttp://localhost/services/testprogram/docs/TESTPROGRAMProgramStatement.pdf
=583  \\$acompleteness reviewed$c20180105$fTESTPROGRAM$fTESTPROGRAM Gold$iissue level$lmissing volumes$zmissing v.25:2$lReprint$zv.1-3 & v.4:1 are photocopies with missing pages
=583  \\$acondition reviewed$c20180105$fTESTPROGRAM$fTESTPROGRAM Gold$iissue level
=561  \\$aTESTINST1
=852  0\$aTESTINST1$bHDC$ctestprogram-trust$hF906$i.A418
=866  30$80$a1(1952)-25(2000)  n.s. 1(2001)-4(2005)

