=LDR  00475ny  a22001573n 4500
=003  TestILS
=004  991045100069703841
=005  20210520081218.06
=001  221156149630003841
=007  ta
=008  2011090u\\\\0\\\0000ba\\\0\\\\\\
=035  \\$a(OCoLC)42631282
=245  00$aHandbook of NASDAQ stocks.
=561  \\$aTESTINST1
=583  \\$acommitted to retain$c20201109$d20351231$fTESTPROGRAM$fTESTPROGRAM Bronze$uhttp://localhost/services/testprogram/docs/TESTPROGRAMProgramStatement.pdf
=852  0\$aTESTINST1$bHDC$ctestprogram-trust$hHG4501$i.M58
=866  30$80$a(1999)-(2001)

