=LDR  00767ny  a22002173n 4500
=001  22919047670003841
=003  TestILS
=004  991030554559703841
=005  20210520081217.46
=007  ta
=008  1312230u\\\\0\\\0001ba\\\0\\\\\\\\\\\\\\
=014  1\$a8847684$bOCoLC
=022  0\$a0735-6846$l0735-6846$y0362-9783
=035  \\$a(OCoLC)8847684
=035  \\$a(TestILS)c13302991-01asu_inst
=245  04$aThe Journal of humanistic education and development.
=561  \\$aTESTINST1
=561  \\$aHUH
=583  \\$acommitted to retain$c20131223$dDecember 31, 2035$fTESTPROGRAM$fTESTPROGRAM Silver$uhttp://localhost/services/testprogram/docs/TESTPROGRAMProgramStatement.pdf
=583  \\$acompleteness reviewed$c20131223$fTESTPROGRAM$fTESTPROGRAM Silver$ivolume-level$lmissing volumes$zmissing vol. 36 issue 3
=852  0\$aTESTINST1$bHDC$ctestprogram-trust$hLB1715$i.S79a
=866  30$80$a21(1982)-37, no.3(1999)

