=LDR  00604ny  a22002053n 4500
=001  22901592080003841
=003  TestILS
=004  991009720449703841
=005  20210520081217.96
=007  ta
=008  1205010u\\\\0\\\0001ba\\\0\\\\\\\\\\\\\\
=014  1\$a40650881$bOCoLC
=022  \\$a1463-9076
=030  \\$aPPCPFQ
=035  \\$a(OCoLC)40650881
=035  \\$a(TestILS)c12689178-01asu_inst
=245  00$aPhysical chemistry chemical physics :$bPCCP.
=561  \\$aTESTINST1
=583  \\$acommitted to retain$c20120501$dDecember 31, 2035$fTESTPROGRAM$fTESTPROGRAM Bronze$uhttp://localhost/services/testprogram/docs/TESTPROGRAMProgramStatement.pdf
=852  0\$aTESTINST1$bHDC$ctestprogram-trust
=866  30$80$a1(1999)-6(2004)

