=LDR  00680ny  a22001933n 4500
=001  22921987530003841
=003  TestILS
=004  991042402699703841
=005  20210520081217.60
=007  ta
=008  1605090u\\\\0\\\0001ba\\\0\\\\\\\\\\\\\\
=014  1\$a20378783$bOCoLC
=035  \\$a(OCoLC)20378783
=035  \\$a(TestILS)c13793822-01asu_inst
=245  00$aEndangered species technical bulletin insert /$cWildland Management Center, the University of Michigan.
=561  \\$aTESTINST1
=583  \\$acommitted to retain$c20160509$dDecember 31, 2035$fTESTPROGRAM$fTESTPROGRAM Silver$uhttp://localhost/services/testprogram/docs/TESTPROGRAMProgramStatement.pdf
=583  \\$acompleteness reviewed$c20160509$fTESTPROGRAM$fTESTPROGRAM Silver$ivolume-level$lmissing volumes$zmissing v.1:1
=852  0\$aTESTINST1$bHDC$ctestprogram-trust
=866  30$80$a1, no.2(1983)-1, no.4(1984)

