=LDR  00697ny  a22002053n 4500
=001  22952368920003841
=003  TestILS
=004  991045013019703841
=005  20210520081218.06
=007  ta
=008  1705080u\\\\0\\\0001ba\\\0\\\\\\\\\\\\\\
=014  1\$a43984700$bOCoLC
=022  \\$a1530-7069
=035  \\$a(OCoLC)43984700
=035  \\$a(TestILS)c14146757-01asu_inst
=245  10$aHuman ecology.
=561  \\$aTESTINST1
=583  \\$acommitted to retain$c20170508$dDecember 31, 2035$fTESTPROGRAM$fTESTPROGRAM Silver$uhttp://localhost/services/testprogram/docs/TESTPROGRAMProgramStatement.pdf
=583  \\$acompleteness reviewed$c20170508$fTESTPROGRAM$fTESTPROGRAM Silver$ivolume-level$lmissing volumes$zmissing v.30:3
=852  0\$aTESTINST1$bHDC$ctestprogram-trust
=866  30$80$a28(2000)-35(2007)

