=LDR  00673nx  a22001931n 4500
=003  TestILS
=004  991009161599703841
=007  ta
=001  221134578260003841
=008  1912315u\\\\0\\\0000ba\\\0\\\\\\
=005  20210520081217.96
=022  \\$a1099-4424
=035  \\$a(OCoLC)38515077
=245  04$aThe directory of outplacement and career management firms.
=583  \\$acommitted to retain$c20191231$dDecember 31, 2035$fTESTPROGRAM$fTESTPROGRAM Gold$uhttp://localhost/services/testprogram/docs/TESTPROGRAMProgramStatement.pdf
=583  \\$acompleteness reviewed$c20191231$fTESTPROGRAM$fTESTPROGRAM Gold$iissue level
=583  \\$acondition reviewed$c20191231$fTESTPROGRAM$fTESTPROGRAM Gold$iissue level
=561  \\$aTESTINST1
=852  0\$aTESTINST1$bHDC$ctestprogram-trust$hHF5549.5.D55$iD5x
=866  30$80$ano.10(1998)-14(2003)

