=LDR  00662nx  a22001931n 4500
=003  TestILS
=004  991037164389703841
=007  ta
=001  221134808690003841
=008  1912315u\\\\0\\\0000ba\\\0\\\\\\
=005  20210520081218.00
=022  \\$a0891-2521
=035  \\$a(OCoLC)14687683
=245  04$aThe Journal of educational techniques and technologies :$ba publication of the International Association for Learning Laboratories, IALL.
=583  \\$acommitted to retain$c20191231$dDecember 31, 2035$fTESTPROGRAM$fTESTPROGRAM Gold$uhttp://localhost/services/testprogram/docs/TESTPROGRAMProgramStatement.pdf
=583  \\$acompleteness reviewed$c20191231$fTESTPROGRAM$fTESTPROGRAM Gold$iissue level
=583  \\$acondition reviewed$c20191231$fTESTPROGRAM$fTESTPROGRAM Gold$iissue level
=561  \\$aTESTINST1
=852  0\$aTESTINST1$bHDC$ctestprogram-trust$hP51$i.N3x
=866  30$80$a20(1987)-22(1989)

