=LDR  00647nx  a22001811n 4500
=003  TestILS
=004  991030592039703841
=007  ta
=001  221157789700003841
=008  2012040u\\\\0\\\0000ba\\\0\\\\\\
=005  20210520081217.58
=022  \\$a0737-8998
=035  \\$a(OCoLC)9503789
=245  00$aOffice systems research journal.
=583  \\$acommitted to retain$c20201204$dDecember 31, 2035$fTESTPROGRAM$fTESTPROGRAM Silver$uhttp://localhost/services/testprogram/docs/TESTPROGRAMProgramStatement.pdf
=583  \\$acompleteness reviewed$c20201204$fTESTPROGRAM$fTESTPROGRAM Silver$ivolume level$lmissing volumes$zmissing v.1(1982)-3(1984)
=561  \\$aTESTINST1
=852  0\$aTESTINST1$bHDC$ctestprogram-trust$hHF5547.5.A1$iO34
=866  30$80$a4(1985)-17, no.1(1999)

