=LDR  00752    a2200229 n 4500
=001  22824592340003841
=003  TestILS
=004  991033893279703841
=005  20210520081218.00
=007  ta
=008  1505270u\\\\0\\\0001ba\\\0\\\\\\\\\\\\\\
=014  1\$a11193419$bOCoLC
=022  0\$a0749-7644
=035  \\$a(OCoLC)11193419
=035  \\$a(TestILS)c13605744-01asu_inst
=245  10$aGestus :$ba quarterly journal of Brechtian studies.
=561  \\$aTESTINST1
=561  \\$aIYU
=583  \\$acommitted to retain$c20150527$dDecember 31, 2035$fTESTPROGRAM$fTESTPROGRAM Gold$uhttp://localhost/services/testprogram/docs/TESTPROGRAMProgramStatement.pdf
=583  \\$acompleteness reviewed$c20150527$fTESTPROGRAM$fTESTPROGRAM Gold$iissue-level
=583  \\$acondition reviewed$c20150527$fTESTPROGRAM$fTESTPROGRAM Gold$iissue-level
=852  0\$aTESTINST1$bHDC$ctestprogram-trust
=866  30$80$a1(1985)-5(1992)

