=LDR  00693nx  a22001931n 4500
=003  TestILS
=004  991014169929703841
=007  ta
=001  221163173190003841
=008  2104145u\\\\0\\\0000ba\\\0\\\\\\
=005  20210520081217.92
=022  \\$a0367-1488
=035  \\$a(OCoLC)2410116
=245  00$aEuroplastics monthly.
=583  \\$acommitted to retain$c20210414$d20351231$fTESTPROGRAM$fTESTPROGRAM Gold$uhttp://localhost/services/testprogram/docs/TESTPROGRAMProgramStatement.pdf
=583  \\$acompleteness reviewed$c20210414$fTESTPROGRAM$fTESTPROGRAM Gold$iissue level$lmissing issues$zmissing v.47:3(1974)
=583  \\$acondition reviewed$c20210414$fTESTPROGRAM$fTESTPROGRAM Gold$iissue level
=561  \\$aTESTINST1
=852  0\$aTESTINST1$bHDC$ctestprogram-trust$hTP1101$i.B6x
=866  30$80$a45(1972)-47(1974)

