=LDR  00768    a2200229 n 4500
=001  22960174020003841
=003  TestILS
=004  991004971819703841
=005  20210520081218.16
=007  ta
=008  1405080u\\\\0\\\0001ba\\\0\\\\\\\\\\\\\\
=014  1\$a32610986$bOCoLC
=022  \\$a1422-8122
=035  \\$a(OCoLC)32610986
=035  \\$a(TestILS)c13402936-01asu_inst
=245  00$aMayer :$b[catalog].
=561  \\$aTESTINST1
=583  \\$acommitted to retain$c20140508$dDecember 31, 2035$fTESTPROGRAM$fTESTPROGRAM Gold$uhttp://localhost/services/testprogram/docs/TESTPROGRAMProgramStatement.pdf
=583  \\$acompleteness reviewed$c20140508$fTESTPROGRAM$fTESTPROGRAM Gold$iissue-level
=583  \\$acondition reviewed$c20140508$fTESTPROGRAM$fTESTPROGRAM Gold$iissue-level
=852  0\$aTESTINST1$bHDC$ctestprogram-trust$hN8640 .I5
=866  30$80$a(1995)-(1999)
=867  30$80$a(1995)

