=LDR  00791nx  a22002051n 4500
=003  TestILS
=004  991014200849703841
=007  ta
=001  221050008980003841
=008  1802020u\\\\0\\\0000ba\\\0\\\\\\
=005  20210520081218.15
=022  \\$a0030-3526
=035  \\$a(OCoLC)2574662
=245  10$aOpera.
=583  \\$acommitted to retain$c20180202$dDecember 31, 2035$fTESTPROGRAM$fTESTPROGRAM Silver$uhttp://localhost/services/testprogram/docs/TESTPROGRAMProgramStatement.pdf
=583  \\$acompleteness reviewed$c20180202$fTESTPROGRAM$fTESTPROGRAM Silver$ivolume level$lmissing volumes$zmissing v.7-13, v.27-38
=561  \\$aTESTINST1
=852  0\$aTESTINST1$bHDC$ctestprogram-trust$hML5$i.O66
=866  30$80$a1(1950)-6(1955), 13(1962)-26(1975), 39(1988)-56(2005)
=867  30$80$a40(1989), 42(1991)-56(2005)
=868  30$80$a39(1988)-40(1989), 42(1991)-47(1996), 49(1998)-55(2004)

