=LDR  00661ny  a22002053n 4500
=001  22900941540003841
=003  TestILS
=004  991011616129703841
=005  20210520081217.91
=007  ta
=008  1605200u\\\\0\\\0001ba\\\0\\\\\\\\\\\\\\
=014  1\$a1641404$bOCoLC
=022  \\$a0029-4047
=035  \\$a(OCoLC)1641404
=035  \\$a(TestILS)c13832268-01asu_inst
=245  00$aNotes on contemporary literature.
=561  \\$aTESTINST1
=583  \\$acommitted to retain$c20160520$dDecember 31, 2035$fTESTPROGRAM$fTESTPROGRAM Silver$uhttp://localhost/services/testprogram/docs/TESTPROGRAMProgramStatement.pdf
=583  \\$acompleteness reviewed$c20160520$fTESTPROGRAM$fTESTPROGRAM Silver$ivolume-level
=852  0\$aTESTINST1$bHDC$ctestprogram-trust
=866  30$80$a1(1971)-36(2006)

