=LDR  00781ny  a22002413n 4500
=001  22845792400003841
=003  TestILS
=004  991020480609703841
=005  20210520081217.83
=007  ta
=008  1404160u\\\\0\\\0001ba\\\0\\\\\\\\\\\\\\
=014  1\$a4038562$bOCoLC
=022  0\$a0162-1831$l0162-1831$y0093-5328
=035  \\$a(OCoLC)4038562
=035  \\$a(TestILS)c1338210x-01asu_inst
=245  00$aNational forum.
=561  \\$aTESTINST1
=561  \\$aGH0
=561  \\$aUOP
=583  \\$acommitted to retain$c20140416$dDecember 31, 2035$fTESTPROGRAM$fTESTPROGRAM Silver$uhttp://localhost/services/testprogram/docs/TESTPROGRAMProgramStatement.pdf
=583  \\$acompleteness reviewed$c20140416$fTESTPROGRAM$fTESTPROGRAM Silver$ivolume-level
=852  0\$aTESTINST1$bHDC$ctestprogram-trust$hLJ85.P45$iA3
=866  30$80$a58, no.2(1978)-81(2001)
=868  30$80$a66(1987)-72(1992)

