=LDR  00703ny  a22002173n 4500
=001  22883699300003841
=003  TestILS
=004  991011604469703841
=005  20210520081217.80
=007  ta
=008  1205210u\\\\0\\\0001ba\\\0\\\\\\\\\\\\\\
=014  1\$a1624404$bOCoLC
=022  \\$a0022-037X
=030  \\$aJDARB4
=035  \\$a(OCoLC)1624404
=035  \\$a(TestILS)c12790461-01asu_inst
=245  04$aThe journal of developing areas.
=561  \\$aTESTINST1
=583  \\$acommitted to retain$c20120521$dDecember 31, 2035$fTESTPROGRAM$fTESTPROGRAM Silver$uhttp://localhost/services/testprogram/docs/TESTPROGRAMProgramStatement.pdf
=583  \\$acompleteness reviewed$c20120521$fTESTPROGRAM$fTESTPROGRAM Silver$ivolume-level
=852  0\$aTESTINST1$bHDC$ctestprogram-trust
=866  30$80$a1(1966)-33(1999), 36(2002)-38(2005)

