=LDR  00605    a2200193 n 4500
=001  22916228990003841
=003  TestILS
=004  991022346389703841
=005  20210520081217.37
=007  ta
=008  1505290u\\\\0\\\0001ba\\\0\\\\\\\\\\\\\\
=014  1\$a36224600$bOCoLC
=022  0\$a1092-3934$l1092-3934
=035  \\$a(OCoLC)36224600
=035  \\$a(TestILS)c13607224-01asu_inst
=245  00$aCleveland studies in the history of art.
=561  \\$aTESTINST1
=583  \\$acommitted to retain$c20130614$dDecember 31, 2035$fTESTPROGRAM$fTESTPROGRAM Bronze$uhttp://localhost/services/testprogram/docs/TESTPROGRAMProgramStatement.pdf
=852  0\$aTESTINST1$bHDC$ctestprogram-trust$hN81$i.C548
=866  30$80$a1(1996), 9(2005)

