=LDR  00765nx  a22001931n 4500
=003  TestILS
=004  991011440929703841
=007  ta
=001  221122089250003841
=008  1908165u\\\\0\\\0000ba\\\0\\\\\\
=005  20210520081217.70
=022  \\$a0038-1853
=035  \\$a(OCoLC)1372274
=245  00$aSoundings.
=583  \\$acommitted to retain$c20190823$dDecember 31, 2035$fTESTPROGRAM$fTESTPROGRAM Gold$uhttp://localhost/services/testprogram/docs/TESTPROGRAMProgramStatement.pdf
=583  \\$acompleteness reviewed$c20190823$fTESTPROGRAM$fTESTPROGRAM Gold$iissue level$lmissing issues$zv.1:1(1969), v.7:2(1975), v.8:2(1976), v.9:2(1977), v.29-34(1997/1998)
=583  \\$acondition reviewed$c20190823$fTESTPROGRAM$fTESTPROGRAM Gold$iissue level
=561  \\$aTESTINST1
=852  0\$aTESTINST1$bHDC$ctestprogram-trust$hZ881 .C1579$iS63
=866  30$80$a1(1969)-28(1997), 35(1998)

