=LDR  00598nx  a22001811n 4500
=003  TestILS
=004  991035497529703841
=007  ta
=001  221100649460003841
=008  1902120u\\\\0\\\0000ba\\\0\\\\\\
=005  20210520081218.02
=022  \\$a0884-2957
=035  \\$a(OCoLC)12357950
=245  10$aBelles lettres.
=583  \\$acommitted to retain$c20190212$dDecember 31, 2035$fTESTPROGRAM$fTESTPROGRAM Silver$uhttp://localhost/services/testprogram/docs/TESTPROGRAMProgramStatement.pdf
=583  \\$acompleteness reviewed$c20190212$fTESTPROGRAM$fTESTPROGRAM Silver$ivolume level
=561  \\$aTESTINST1
=852  0\$aTESTINST1$bHDC$ctestprogram-trust$hPN471$i.B44
=866  30$80$a1(1985)-11 no.1(1996)

