=LDR  00888ny  a22002173n 4500
=001  22888945630003841
=003  TestILS
=004  991007816559703841
=005  20210520081217.50
=007  ta
=008  1305200u\\\\0\\\0001ba\\\0\\\\\\\\\\\\\\
=014  1\$a20223021$bOCoLC
=022  \\$a1019-9144
=035  \\$a(OCoLC)20223021
=035  \\$a(TestILS)c13179858-01asu_inst
=245  00$6880-01$aLi shi yue kan =$bHistorical monthly.
=561  \\$aTESTINST1
=583  \\$acommitted to retain$c20130520$dDecember 31, 2035$fTESTPROGRAM$fTESTPROGRAM Gold$uhttp://localhost/services/testprogram/docs/TESTPROGRAMProgramStatement.pdf
=583  \\$acompleteness reviewed$c20130520$fTESTPROGRAM$fTESTPROGRAM Gold$iissue-level$lmissing volumes$zmissing no.1-25, 27, 99, 108, 170, 203
=583  \\$acondition reviewed$c20130520$fTESTPROGRAM$fTESTPROGRAM Gold$iissue-level
=852  0\$aTESTINST1$bHDC$ctestprogram-trust
=866  30$80$ano.26(1990), 28(1990)-98(1998), 100(1996)-107(1996), 109(1997)-169(2002), 171(2002)-202(2004), 204(2005)-215(2005)

