=LDR  00697nx  a22001931n 4500
=003  TestILS
=004  991018835189703841
=007  ta
=001  221049889640003841
=008  1801235u\\\\0\\\0000ba\\\0\\\\\\
=005  20210520081217.71
=022  \\$a0011-1902
=035  \\$a(OCoLC)3776345
=245  00$aCross & Cockade journal.
=583  \\$acommitted to retain$c20180123$dDecember 31, 2035$fTESTPROGRAM$fTESTPROGRAM Gold$uhttp://localhost/services/testprogram/docs/TESTPROGRAMProgramStatement.pdf
=583  \\$acompleteness reviewed$c20180123$fTESTPROGRAM$fTESTPROGRAM Gold$iissue level
=583  \\$acondition reviewed$c20180123$fTESTPROGRAM$fTESTPROGRAM Gold$iissue level$lmissing pages$zmissing pages v.18:3
=561  \\$aTESTINST1
=852  0\$aTESTINST1$bHDC$ctestprogram-trust$hD600 .C75
=866  30$80$a1(1960)-26(1985)

