=LDR  00856    a2200241 n 4500
=001  22885490690003841
=003  TestILS
=004  991011572719703841
=005  20210520081218.06
=007  ta
=008  1605090u\\\\0\\\0001ba\\\0\\\\\\\\\\\\\\
=014  1\$a1587931$bOCoLC
=022  \\$a0083-6729$l0083-6729
=030  \\$aVIHOAQ
=035  \\$a(OCoLC)1587931
=035  \\$a(TestILS)c1379341x-01asu_inst
=245  00$aVitamins and hormones.
=561  \\$aTESTINST1
=561  \\$aNTD
=583  \\$acommitted to retain$c20160509$dDecember 31, 2035$fTESTPROGRAM$fTESTPROGRAM Gold$uhttp://localhost/services/testprogram/docs/TESTPROGRAMProgramStatement.pdf
=583  \\$acompleteness reviewed$c20160509$fTESTPROGRAM$fTESTPROGRAM Gold$iissue-level$lReprint$zv.26 Reprint
=583  \\$acondition reviewed$c20160509$fTESTPROGRAM$fTESTPROGRAM Gold$iissue-level$lloose pages$zv.3, 24 loose pages
=852  0\$aTESTINST1$bHDC$ctestprogram-trust$hQP801.V5$iV5
=866  30$80$a1(1943)-73(2005)

