=LDR  00505ny  a22001693n 4500
=003  TestILS
=004  991046105659703841
=005  20210520081217.73
=001  221156767190003841
=007  ta
=008  2011160u\\\\0\\\0000ba\\\0\\\\\\
=022  \\$a1565-5261
=035  \\$a(OCoLC)6966089
=245  00$6880-01$aZemanim.
=561  \\$aTESTINST1
=583  \\$acommitted to retain$c20201116$d20351231$fTESTPROGRAM$fTESTPROGRAM Bronze$uhttp://localhost/services/testprogram/docs/TESTPROGRAMProgramStatement.pdf
=852  0\$aTESTINST1$bHDC$ctestprogram-trust$hD1$i.Z39
=866  30$80$ano. 77(2001)-132(2015)

