=LDR  00663nx  a22001931n 4500
=003  TestILS
=004  991010266389703841
=007  ta
=001  221128992610003841
=008  1908165u\\\\0\\\0000ba\\\0\\\\\\
=005  20210520081217.70
=022  \\$a1553-6025
=035  \\$a(OCoLC)54357053
=245  00$aNational minority and women-owned business directory.
=583  \\$acommitted to retain$c20190923$dDecember 31, 2035$fTESTPROGRAM$fTESTPROGRAM Gold$uhttp://localhost/services/testprogram/docs/TESTPROGRAMProgramStatement.pdf
=583  \\$acompleteness reviewed$c20190923$fTESTPROGRAM$fTESTPROGRAM Gold$iissue level
=583  \\$acondition reviewed$c20190923$fTESTPROGRAM$fTESTPROGRAM Gold$iissue level
=561  \\$aTESTINST1
=852  0\$aTESTINST1$bHDC$ctestprogram-trust$hHD2346.U5$iN34
=866  30$80$a(2004)-(2015)

