=LDR  00718nx  a22001931n 4500
=003  TestILS
=004  991032328749703841
=007  ta
=001  221065257440003841
=008  1805040u\\\\0\\\0000ba\\\0\\\\\\
=005  20210520081218.04
=022  \\$a0746-7885
=035  \\$a(OCoLC)10341073
=245  00$aHFD.
=583  \\$acommitted to retain$c20180504$dDecember 31, 2035$fTESTPROGRAM$fTESTPROGRAM Silver$uhttp://localhost/services/testprogram/docs/TESTPROGRAMProgramStatement.pdf
=583  \\$acompleteness reviewed$c20180504$fTESTPROGRAM$fTESTPROGRAM Silver$ivolume level$lmissing volumes$zmissing v.61:47; v.62:38; v.63:12; v.65:4,44,48; v.67:38; v.68:30,47
=561  \\$aTESTINST1
=852  0\$aTESTINST1$bHDC$ctestprogram-trust$hHF5001 .R45
=866  30$80$a58(1984)-68(1994)
=867  30$80$a64(1990)-68(1994)

