=LDR  00681ny  a22002173n 4500
=001  22881261140003841
=003  TestILS
=004  991018839979703841
=005  20210520081217.71
=007  ta
=008  1312160u\\\\0\\\0001ba\\\0\\\\\\\\\\\\\\
=014  1\$a3824725$bOCoLC
=022  0\$a0192-4036
=035  \\$a(OCoLC)3824725
=035  \\$a(TestILS)c13287370-01asu_inst
=245  00$aInternational journal of comparative and applied criminal justice.
=561  \\$aTESTINST1
=561  \\$aORZ
=583  \\$acommitted to retain$c20131216$dDecember 31, 2035$fTESTPROGRAM$fTESTPROGRAM Silver$uhttp://localhost/services/testprogram/docs/TESTPROGRAMProgramStatement.pdf
=583  \\$acompleteness reviewed$c20131216$fTESTPROGRAM$fTESTPROGRAM Silver$ivolume-level
=852  0\$aTESTINST1$bHDC$ctestprogram-trust
=866  30$80$a1(1977)-21(2007)

