=LDR  00749ny  a22002053n 4500
=001  22841452720003841
=003  TestILS
=004  991030595469703841
=005  20210520081217.58
=007  ta
=008  1404160u\\\\0\\\0001ba\\\0\\\\\\\\\\\\\\
=014  1\$a9548570$bOCoLC
=022  0\$a0747-234X
=035  \\$a(OCoLC)9548570
=035  \\$a(TestILS)c13384570-01asu_inst
=245  10$aFantasy.
=561  \\$aTESTINST1
=583  \\$acommitted to retain$c20140416$dDecember 31, 2035$fTESTPROGRAM$fTESTPROGRAM Silver$uhttp://localhost/services/testprogram/docs/TESTPROGRAMProgramStatement.pdf
=583  \\$acompleteness reviewed$c20140416$fTESTPROGRAM$fTESTPROGRAM Silver$ivolume-level$lbinding patterns vary$zbound with preceding title SF & fantasy review.
=852  0\$aTESTINST1$bHDC$ctestprogram-trust$hPN3448.S45$iF25x
=866  30$80$ano.66-69(1984)

