=LDR  00730ny  a22002173n 4500
=001  22954521650003841
=003  TestILS
=004  991044920799703841
=005  20210520081217.52
=007  ta
=008  1305150u\\\\0\\\0001ba\\\0\\\\\\\\\\\\\\
=014  1\$a1471867$bOCoLC
=022  0\$a0080-1240
=035  \\$a(OCoLC)1471867
=035  \\$a(TestILS)c13171276-01asu_inst
=245  10$aReport and studies in the history of art.
=561  \\$aTESTINST1
=583  \\$acommitted to retain$c20130516$dDecember 31, 2035$fTESTPROGRAM$fTESTPROGRAM Gold$uhttp://localhost/services/testprogram/docs/TESTPROGRAMProgramStatement.pdf
=583  \\$acompleteness reviewed$c20130516$fTESTPROGRAM$fTESTPROGRAM Gold$iissue-level
=583  \\$acondition reviewed$c20130516$fTESTPROGRAM$fTESTPROGRAM Gold$iissue-level
=852  0\$aTESTINST1$bHDC$ctestprogram-trust
=866  30$80$a1(1967)-3(1969)

