=LDR  00713ny  a22002053n 4500
=001  22913911050003841
=003  TestILS
=004  991011675179703841
=005  20210520081218.12
=007  ta
=008  1206190u\\\\0\\\0001ba\\\0\\\\\\\\\\\\\\
=014  1\$a1753020$bOCoLC
=022  0\$a0015-5934
=035  \\$a(OCoLC)1753020
=035  \\$a(TestILS)c12805762-01asu_inst
=245  10$aJournal of the Folklore Institute.
=561  \\$aTESTINST1
=583  \\$acommitted to retain$c20120619$dDecember 31, 2035$fTESTPROGRAM$fTESTPROGRAM Silver$uhttp://localhost/services/testprogram/docs/TESTPROGRAMProgramStatement.pdf
=583  \\$acompleteness reviewed$c20120619$fTESTPROGRAM$fTESTPROGRAM Silver$ivolume-level$lmissing volumes$zmissing vol.1 issue 1-2
=852  0\$aTESTINST1$bHDC$ctestprogram-trust$hGR1$i.I5
=866  30$80$a1(1964)-19(1982)

