=LDR  00670nx  a22001811n 4500
=003  TestILS
=004  991011522229703841
=007  ta
=001  221106346690003841
=008  1905090u\\\\0\\\0000ba\\\0\\\\\\
=005  20210520081217.46
=022  \\$a0009-4978
=035  \\$a(OCoLC)1554411
=245  10$aChoice :$bpublication of the Association of College and Research Libraries, a division of the American Library Association.
=583  \\$acommitted to retain$c20190509$dDecember 31, 2035$fTESTPROGRAM$fTESTPROGRAM Silver$uhttp://localhost/services/testprogram/docs/TESTPROGRAMProgramStatement.pdf
=583  \\$acompleteness reviewed$c20190509$fTESTPROGRAM$fTESTPROGRAM Silver$ivolume level$lmissing volumes$zmissing v.17:7-12 1980, v.29:12 1992, v.44:11 2007
=561  \\$aTESTINST1
=852  0\$aTESTINST1$bHDC$ctestprogram-trust$hZ1035$i.C5
=866  30$80$a1(1964)-53, no.4(2015 Dec)

