=LDR  00677nx  a22001811n 4500
=003  TestILS
=004  991016529589703841
=007  ta
=001  221066549290003841
=008  1805140u\\\\0\\\0000ba\\\0\\\\\\
=005  20210520081218.11
=022  \\$a0272-8540
=035  \\$a(OCoLC)3109657
=245  00$aChicago history.
=583  \\$acommitted to retain$c20180514$dDecember 31, 2035$fTESTPROGRAM$fTESTPROGRAM Silver$uhttp://localhost/services/testprogram/docs/TESTPROGRAMProgramStatement.pdf
=583  \\$acompleteness reviewed$c20180514$fTESTPROGRAM$fTESTPROGRAM Silver$ivolume level$lmissing volumes$zmissing v.1-8; n.s. v.1:2; v.13:3-4; v.25:1,4; v.26:4
=561  \\$aTESTINST1
=852  0\$aTESTINST1$bHDC$ctestprogram-trust$hF548.1$i.C355x
=866  30$80$a1(1970/1971)-34(2005/2006)

