=LDR  00851    a2200229 n 4500
=001  22825125530003841
=003  TestILS
=004  991014216569703841
=005  20210520081218.15
=007  ta
=008  1405080u\\\\0\\\0001ba\\\0\\\\\\\\\\\\\\
=014  1\$a2703114$bOCoLC
=022  \\$a0552-9263
=035  \\$a(OCoLC)2703114
=035  \\$a(TestILS)c13403278-01asu_inst
=245  00$aPakistan year book.
=561  \\$aTESTINST1
=561  \\$aCUZ
=583  \\$acommitted to retain$c20140508$dDecember 31, 2035$fTESTPROGRAM$fTESTPROGRAM Gold$uhttp://localhost/services/testprogram/docs/TESTPROGRAMProgramStatement.pdf
=583  \\$acompleteness reviewed$c20140508$fTESTPROGRAM$fTESTPROGRAM Gold$iissue-level$lmissing volumes$zmissing vols. for 1972
=583  \\$acondition reviewed$c20140508$fTESTPROGRAM$fTESTPROGRAM Gold$iissue-level$lloose pages$zfor vol. 1977 and cover for 1969
=852  0\$aTESTINST1$bHDC$ctestprogram-trust
=866  30$80$a(1969)-(1971), (1973)-(1995)

