=LDR  00655nx  a22001931n 4500
=003  TestILS
=004  991035479519703841
=007  ta
=001  221169239140003841
=008  2104270u\\\\0\\\0000ba\\\0\\\\\\
=005  20210520081218.01
=022  \\$a0882-5866
=035  \\$a(OCoLC)11885448
=245  00$aAcademic talent /$cthe Johns Hopkins University Center for Talented Youth (CTV).
=583  \\$acommitted to retain$c20210427$d20351231$fTESTPROGRAM$fTESTPROGRAM Gold$uhttp://localhost/services/testprogram/docs/TESTPROGRAMProgramStatement.pdf
=583  \\$acompleteness reviewed$c20210427$fTESTPROGRAM$fTESTPROGRAM Gold$iissue level
=583  \\$acondition reviewed$c20210427$fTESTPROGRAM$fTESTPROGRAM Gold$iissue level
=561  \\$aTESTINST1
=852  0\$aTESTINST1$bHDC$ctestprogram-trust$hLC3991$i.A33x
=866  30$80$a1(1984)-2(1986)

