=LDR  00583    a2200193 n 4500
=001  22889145030003841
=003  TestILS
=004  991023423349703841
=005  20210520081217.77
=007  ta
=008  1306140u\\\\0\\\0001ba\\\0\\\\\\\\\\\\\\
=014  1\$a30101233$bOCoLC
=022  0\$a1350-5076
=035  \\$a(OCoLC)30101233
=035  \\$a(TestILS)c13185998-01asu_inst
=245  00$aManagement learning.
=561  \\$aTESTINST1
=583  \\$acommitted to retain$c20130614$dDecember 31, 2035$fTESTPROGRAM$fTESTPROGRAM Bronze$uhttp://localhost/services/testprogram/docs/TESTPROGRAMProgramStatement.pdf
=852  0\$aTESTINST1$bHDC$ctestprogram-trust
=866  30$80$a25(1994)-35(2004)

