=LDR  00811ny  a22002293n 4500
=001  22892857160003841
=003  TestILS
=004  991011622289703841
=005  20210520081217.91
=007  ta
=008  1207100u\\\\0\\\0001ba\\\0\\\\\\\\\\\\\\
=014  1\$a1642879$bOCoLC
=022  \\$a0042-6636
=035  \\$a(OCoLC)1642879
=035  \\$a(TestILS)c12809378-01asu_inst
=245  04$aThe Virginia magazine of history and biography.
=561  \\$aTESTINST1
=561  \\$aUUM
=583  \\$acommitted to retain$c20120710$dDecember 31, 2035$fTESTPROGRAM$fTESTPROGRAM Silver$uhttp://localhost/services/testprogram/docs/TESTPROGRAMProgramStatement.pdf
=583  \\$acompleteness reviewed$c20120710$fTESTPROGRAM$fTESTPROGRAM Silver$ivolume-level$lreprints$zv.1-2, 7, 11-15, 17, 19-22, 24,26-27, 30-31, 33-35 reprints
=852  0\$aTESTINST1$bHDC$ctestprogram-trust
=866  30$80$a1(1893)-113(2005)
=868  30$80$a73(1965), 75(1967), 76(1968), 78(1970)

