=LDR  00647nx  a22001811n 4500
=003  TestILS
=004  991002217509703841
=007  ta
=001  221117229350003841
=008  1908165u\\\\0\\\0000ba\\\0\\\\\\
=005  20210520081218.08
=035  \\$a(OCoLC)37266712
=245  00$aFinancial aid for African Americans.
=583  \\$acommitted to retain$c20190823$dDecember 31, 2035$fTESTPROGRAM$fTESTPROGRAM Gold$uhttp://localhost/services/testprogram/docs/TESTPROGRAMProgramStatement.pdf
=583  \\$acompleteness reviewed$c20190823$fTESTPROGRAM$fTESTPROGRAM Gold$iissue level
=583  \\$acondition reviewed$c20190823$fTESTPROGRAM$fTESTPROGRAM Gold$iissue level
=561  \\$aTESTINST1
=852  0\$aTESTINST1$bHDC$ctestprogram-trust$hLB2338$i.F452x
=866  30$80$a(1997/1999)-(2009/2011)

