=LDR  00936ny  a22002173n 4500
=001  22955027560003841
=003  TestILS
=004  991011494639703841
=005  20210520081217.44
=007  ta
=008  1404160u\\\\0\\\0001ba\\\0\\\\\\\\\\\\\\
=014  1\$a1518530$bOCoLC
=022  1\$a0004-671X
=035  \\$a(OCoLC)1518530
=035  \\$a(TestILS)c13381921-01asu_inst
=245  00$aAtlanta economic review.
=561  \\$aTESTINST1
=561  \\$aWAU
=583  \\$acommitted to retain$c20140416$dDecember 31, 2035$fTESTPROGRAM$fTESTPROGRAM Silver$uhttp://localhost/services/testprogram/docs/TESTPROGRAMProgramStatement.pdf
=583  \\$acompleteness reviewed$c20140416$fTESTPROGRAM$fTESTPROGRAM Silver$ivolume-level$lmissing volumes$zmissing vols. 1-4; vol.10 issues 2-4,7; vol.13 issues 1-10; vol.14 issues 2,4,7-9; vol.15 issues 1-4,9-12; vol.16 issues 7-8,12; vol.17 issues 2,5,7,10-12; vol.18 issues 3,5-6,8,11; vol.19 issues 2,4,7,9-10,12; vol.20 issues 4,7,9,11-12
=852  0\$aTESTINST1$bHDC$ctestprogram-trust
=866  30$80$a5(1955)-27(1977)

