=LDR  00794ny  a22002293n 4500
=001  22818798790003841
=003  TestILS
=004  991020845589703841
=005  20210520081217.85
=007  ta
=008  1206190u\\\\0\\\0001ba\\\0\\\\\\\\\\\\\\
=014  1\$a4604572$bOCoLC
=022  \\$a0029-2397
=035  \\$a(OCoLC)4604572
=035  \\$a(TestILS)c12805725-01asu_inst
=245  04$aThe North American review.
=561  \\$aTESTINST1
=561  \\$aORU
=583  \\$acommitted to retain$c20120619$dDecember 31, 2035$fTESTPROGRAM$fTESTPROGRAM Silver$uhttp://localhost/services/testprogram/docs/TESTPROGRAMProgramStatement.pdf
=583  \\$acompleteness reviewed$c20120619$fTESTPROGRAM$fTESTPROGRAM Silver$ivolume-level$lreprints$zv.13-135, 142, 159, 169-170, 172-173, 176  Reprints
=852  0\$aTESTINST1$bHDC$ctestprogram-trust$hAP2$i.N7
=866  30$80$a13(1821)-290(2005)
=868  30$80$a13(1821)-125(1877)

