=LDR  00800ny  a22002293n 4500
=001  22919782280003841
=003  TestILS
=004  991011648079703841
=005  20210520081217.61
=007  ta
=008  1206150u\\\\0\\\0001ba\\\0\\\\\\\\\\\\\\
=014  1\$a1697286$bOCoLC
=022  \\$a0261-0523
=022  \\$a0369-8696
=035  \\$a(OCoLC)1697286
=035  \\$a(TestILS)c12794041-01asu_inst
=245  00$aPhilosophical transactions of the Royal Society of London.
=561  \\$aTESTINST1
=583  \\$acommitted to retain$c20120615$dDecember 31, 2035$fTESTPROGRAM$fTESTPROGRAM Silver$uhttp://localhost/services/testprogram/docs/TESTPROGRAMProgramStatement.pdf
=583  \\$acompleteness reviewed$c20120615$fTESTPROGRAM$fTESTPROGRAM Silver$ivolume-level$lmissing volumes$zmissing vol.71-177$lreprints$zv.66-70 reprints
=852  0\$aTESTINST1$bHDC$ctestprogram-trust$hQ41$i.L8
=866  30$80$a66(1776)-70(1780)
=868  30$80$a66(1776)-70(1780)

