=LDR  00773    a2200229 n 4500
=001  22889087760003841
=003  TestILS
=004  991018838969703841
=005  20210520081217.71
=007  ta
=008  1605010u\\\\0\\\0001ba\\\0\\\\\\\\\\\\\\
=014  1\$a3814423$bOCoLC
=022  \\$a0341-0382
=030  \\$aZNCBDA
=035  \\$a(OCoLC)3814423
=035  \\$a(TestILS)c1379100x-01asu_inst
=245  00$aZeitschrift für Naturforschung.$nSection C,$pBiosciences.
=561  \\$aTESTINST1
=583  \\$acommitted to retain$c20160501$dDecember 31, 2035$fTESTPROGRAM$fTESTPROGRAM Gold$uhttp://localhost/services/testprogram/docs/TESTPROGRAMProgramStatement.pdf
=583  \\$acompleteness reviewed$c20160501$fTESTPROGRAM$fTESTPROGRAM Gold$iissue-level$lv.38 missing pgs
=583  \\$acondition reviewed$c20160501$fTESTPROGRAM$fTESTPROGRAM Gold$iissue-level
=852  0\$aTESTINST1$bHDC$ctestprogram-trust
=866  30$80$a29(1974)-40(1985)

