=LDR  00595nx  a22001811n 4500
=003  TestILS
=004  991002248849703841
=007  ta
=001  221115195320003841
=008  1905310u\\\\0\\\0000ba\\\0\\\\\\
=005  20210520081218.08
=022  \\$a1368-4825
=035  \\$a(OCoLC)37826584
=245  00$aCountry forecast.$pAsia and Australasia :$bregional overview.
=583  \\$acommitted to retain$c20190531$dDecember 31, 2035$fTESTPROGRAM$fTESTPROGRAM Silver$uhttp://localhost/services/testprogram/docs/TESTPROGRAMProgramStatement.pdf
=583  \\$acompleteness reviewed$c20190531$fTESTPROGRAM$fTESTPROGRAM Silver$ivolume level
=561  \\$aTESTINST1
=852  0\$aTESTINST1$bHDC$ctestprogram-trust$hHC460.5 .A1$iC68
=866  30$80$a(1997)-(2003)

