=LDR  00624nx  a22001811n 4500
=003  TestILS
=004  991011662959703841
=007  ta
=001  221171326900003841
=008  2105160u\\\\0\\\0000ba\\\0\\\\\\
=005  20210520081217.61
=035  \\$a(OCoLC)1723709
=245  10$aPortraits of prominent USSR personalities.
=583  \\$acommitted to retain$c20210514$d20351231$fTESTPROGRAM$fTESTPROGRAM Gold$uhttp://localhost/services/testprogram/docs/TESTPROGRAMProgramStatement.pdf
=583  \\$acompleteness reviewed$c20210514$fTESTPROGRAM$fTESTPROGRAM Gold$iissue level
=583  \\$acondition reviewed$c20210514$fTESTPROGRAM$fTESTPROGRAM Gold$iissue level
=561  \\$aTESTINST1
=852  0\$aTESTINST1$bHDC$ctestprogram-trust$hDK37$i.P6
=866  30$80$a1(1968)-4(1971)

