=LDR  00736ny  a22002293n 4500
=001  22824409980003841
=003  TestILS
=004  991011571029703841
=005  20210520081218.06
=007  ta
=008  1305310u\\\\0\\\0001ba\\\0\\\\\\\\\\\\\\
=014  1\$a1587583$bOCoLC
=022  0\$a0038-5832$l0038-5832
=030  \\$aSSSCAE
=035  \\$a(OCoLC)1587583
=035  \\$a(TestILS)c13181956-01asu_inst
=245  00$aSoviet soil science.
=561  \\$aTESTINST1
=561  \\$aAZU
=583  \\$acommitted to retain$c20130531$dDecember 31, 2035$fTESTPROGRAM$fTESTPROGRAM Silver$uhttp://localhost/services/testprogram/docs/TESTPROGRAMProgramStatement.pdf
=583  \\$acompleteness reviewed$c20130531$fTESTPROGRAM$fTESTPROGRAM Silver$ivolume-level
=852  0\$aTESTINST1$bHDC$ctestprogram-trust$hS590$i.P612
=866  30$80$a1(1958)-24, no. 1 (1988)

