=LDR  00652nx  a22001931n 4500
=003  TestILS
=004  991011912429703841
=007  ta
=001  221155039770003841
=008  2104185u\\\\0\\\0000ba\\\0\\\\\\
=005  20210520081217.89
=022  \\$a0316-5973
=035  \\$a(OCoLC)2247625
=245  00$aModernist studies :$bliterature & culture 1920-1940.
=583  \\$acommitted to retain$c20210418$d20351231$fTESTPROGRAM$fTESTPROGRAM Gold$uhttp://localhost/services/testprogram/docs/TESTPROGRAMProgramStatement.pdf
=583  \\$acompleteness reviewed$c20210418$fTESTPROGRAM$fTESTPROGRAM Gold$iissue level
=583  \\$acondition reviewed$c20210418$fTESTPROGRAM$fTESTPROGRAM Gold$iissue level
=561  \\$aTESTINST1
=852  0\$aTESTINST1$bHDC$ctestprogram-trust$hNX458$i.M6x
=866  30$80$a1(1974)-4(1982)

