=LDR  00647nx  a22001811n 4500
=003  TestILS
=004  991011796029703841
=007  ta
=001  221157379430003841
=008  2011300u\\\\0\\\0000ba\\\0\\\\\\
=005  20210520081217.97
=022  \\$a0000-037X
=035  \\$a(OCoLC)1784378
=245  00$aEducational media yearbook.
=583  \\$acommitted to retain$c20201130$dDecember 31, 2035$fTESTPROGRAM$fTESTPROGRAM Silver$uhttp://localhost/services/testprogram/docs/TESTPROGRAMProgramStatement.pdf
=583  \\$acompleteness reviewed$c20201130$fTESTPROGRAM$fTESTPROGRAM Silver$ivolume level$lmissing volumes$zmissing (1977)-(1979)
=561  \\$aTESTINST1
=852  0\$aTESTINST1$bHDC$ctestprogram-trust$hLB1028.3$i.E37
=866  30$80$a(1973)-(1976), (1980)-(1984)

