=LDR  00713ny  a22002053n 4500
=001  22945100380003841
=003  TestILS
=004  991011684569703841
=005  20210520081218.12
=007  ta
=008  1404160u\\\\0\\\0001ba\\\0\\\\\\\\\\\\\\
=014  1\$a1754524$bOCoLC
=022  0\$a0022-0159
=035  \\$a(OCoLC)1754524
=035  \\$a(TestILS)c13382068-01asu_inst
=245  00$aJournal of correctional education.
=561  \\$aTESTINST1
=583  \\$acommitted to retain$c20140416$dDecember 31, 2035$fTESTPROGRAM$fTESTPROGRAM Silver$uhttp://localhost/services/testprogram/docs/TESTPROGRAMProgramStatement.pdf
=583  \\$acompleteness reviewed$c20140416$fTESTPROGRAM$fTESTPROGRAM Silver$ivolume-level$lmissing volumes$zmissing vols. 1-20
=852  0\$aTESTINST1$bHDC$ctestprogram-trust$hHV8875$i.J67
=866  30$80$a21(1969)-24(1972)

