=LDR  00580ny  a22001933n 4500
=001  22934858290003841
=003  TestILS
=004  991011529299703841
=005  20210520081217.94
=007  ta
=008  1205020u\\\\0\\\0001ba\\\0\\\\\\\\\\\\\\
=014  1\$a1564611$bOCoLC
=022  0\$a0010-4809
=035  \\$a(OCoLC)1564611
=035  \\$a(TestILS)c12689531-01asu_inst
=245  00$aComputers and biomedical research.
=561  \\$aTESTINST1
=583  \\$acommitted to retain$c20120502$dDecember 31, 2035$fTESTPROGRAM$fTESTPROGRAM Bronze$uhttp://localhost/services/testprogram/docs/TESTPROGRAMProgramStatement.pdf
=852  0\$aTESTINST1$bHDC$ctestprogram-trust
=866  30$80$a1(1967)-33(2000)

