=LDR  00589nx  a22001811n 4500
=003  TestILS
=004  991028918619703841
=007  ta
=001  221066541080003841
=008  1805140u\\\\0\\\0000ba\\\0\\\\\\
=005  20210520081218.20
=022  \\$a8755-2418
=035  \\$a(OCoLC)8530706
=245  04$aThe International magazine of literature, art, and science.
=583  \\$acommitted to retain$c20180514$dDecember 31, 2035$fTESTPROGRAM$fTESTPROGRAM Silver$uhttp://localhost/services/testprogram/docs/TESTPROGRAMProgramStatement.pdf
=583  \\$acompleteness reviewed$c20180514$fTESTPROGRAM$fTESTPROGRAM Silver$ivolume level
=561  \\$aTESTINST1
=852  0\$aTESTINST1$bHDC$ctestprogram-trust$hAP2 .I735
=866  30$80$a2(1850)-5(1852)

