=LDR  00625nx  a22001811n 4500
=003  TestILS
=004  991011626959703841
=007  ta
=001  221059123570003841
=008  1804230u\\\\0\\\0000ba\\\0\\\\\\
=005  20210520081217.91
=022  \\$a0019-3674
=035  \\$a(OCoLC)1644026$9ExL
=245  00$aIndependent banker.
=583  \\$acommitted to retain$c20180423$dDecember 31, 2035$fTESTPROGRAM$fTESTPROGRAM Silver$uhttp://localhost/services/testprogram/docs/TESTPROGRAMProgramStatement.pdf
=583  \\$acompleteness reviewed$c20180423$fTESTPROGRAM$fTESTPROGRAM Silver$ivolume level$lmissing volumes$zv.42:2
=561  \\$aTESTINST1
=852  0\$aTESTINST1$bHDC$ctestprogram-trust$hHG1501$i.I55x
=866  30$80$a31(1981)-55(2005)

