=LDR  00662ny  a22002053n 4500
=001  22884826610003841
=003  TestILS
=004  991011594379703841
=005  20210520081217.79
=007  ta
=008  1206080u\\\\0\\\0001ba\\\0\\\\\\\\\\\\\\
=014  1\$a1606529$bOCoLC
=022  \\$a0581-572X
=035  \\$a(OCoLC)1606529
=035  \\$a(TestILS)c12791921-01asu_inst
=245  00$aSankhyā.$nSeries A,$p[Methods and techniques].
=561  \\$aTESTINST1
=583  \\$acommitted to retain$c20120608$dDecember 31, 2035$fTESTPROGRAM$fTESTPROGRAM Silver$uhttp://localhost/services/testprogram/docs/TESTPROGRAMProgramStatement.pdf
=583  \\$acompleteness reviewed$c20120608$fTESTPROGRAM$fTESTPROGRAM Silver$ivolume-level
=852  0\$aTESTINST1$bHDC$ctestprogram-trust
=866  30$80$a23(1960)-64(2002)

