=LDR  00627nx  a22001811n 4500
=003  TestILS
=004  991035502319703841
=007  ta
=001  221111805120003841
=008  1906130u\\\\0\\\0000ba\\\0\\\\\\
=005  20210520081218.02
=022  \\$a1524-9174
=035  \\$a(OCoLC)12570462
=245  00$aFodor's Caribbean.
=583  \\$acommitted to retain$c20190613$dDecember 31, 2035$fTESTPROGRAM$fTESTPROGRAM Silver$uhttp://localhost/services/testprogram/docs/TESTPROGRAMProgramStatement.pdf
=583  \\$acompleteness reviewed$c20190613$fTESTPROGRAM$fTESTPROGRAM Silver$ivolume level$lmissing volumes$zmissing 2010-2015
=561  \\$aTESTINST1
=852  0\$aTESTINST1$bHDC$ctestprogram-trust$hF1612$i.F63x
=866  30$80$a(1986)-(2009)

