=LDR  00790ny  a22002293n 4500
=001  22831411420003841
=003  TestILS
=004  991011810889703841
=005  20210520081217.74
=007  ta
=008  1705080u\\\\0\\\0001ba\\\0\\\\\\\\\\\\\\
=014  1\$a1789026$bOCoLC
=022  0\$a0092-4466
=035  \\$a(OCoLC)1789026
=035  \\$a(TestILS)c14147439-01asu_inst
=245  00$aHearing instruments.
=561  \\$aTESTINST1
=561  \\$aUUS
=583  \\$acommitted to retain$c20170508$dDecember 31, 2035$fTESTPROGRAM$fTESTPROGRAM Silver$uhttp://localhost/services/testprogram/docs/TESTPROGRAMProgramStatement.pdf
=583  \\$acompleteness reviewed$c20170508$fTESTPROGRAM$fTESTPROGRAM Silver$ivolume-level$lmissing volumes$zmissing v.24-30; v.45:11-12; v.46:1-5,7-11
=852  0\$aTESTINST1$bHDC$ctestprogram-trust$hRF310$i.H43
=866  30$80$a31(1981)-47, no.6(1996)
=867  30$80$a45(1994)

