=LDR  00622nx  a22001811n 4500
=003  TestILS
=004  991046356579703841
=007  ta
=001  221169449390003841
=008  2105040u\\\\0\\\0000ba\\\0\\\\\\
=005  20210520081217.73
=035  \\$a(OCoLC)48647222
=245  00$aWomen's NCAA basketball results & schedules.
=583  \\$acommitted to retain$c20210504$d20351231$fTESTPROGRAM$fTESTPROGRAM Gold$uhttp://localhost/services/testprogram/docs/TESTPROGRAMProgramStatement.pdf
=583  \\$acompleteness reviewed$c20210504$fTESTPROGRAM$fTESTPROGRAM Gold$iissue level
=583  \\$acondition reviewed$c20210504$fTESTPROGRAM$fTESTPROGRAM Gold$iissue level
=561  \\$aTESTINST1
=852  0\$aTESTINST1$bHDC$ctestprogram-trust$hGV886.45$i.N425
=866  30$80$a(2002)

