=LDR  00765    a2200229 n 4500
=001  22867633660003841
=003  TestILS
=004  991017286039703841
=005  20210520081218.19
=007  ta
=008  1505150u\\\\0\\\0001ba\\\0\\\\\\\\\\\\\\
=014  1\$a1644499$bOCoLC
=022  \\$a0096-6002
=035  \\$a(OCoLC)1644499
=035  \\$a(TestILS)c13598302-01asu_inst
=245  00$aAdvances in electronics.
=561  \\$aTESTINST1
=583  \\$acommitted to retain$c20150515$dDecember 31, 2035$fTESTPROGRAM$fTESTPROGRAM Gold$uhttp://localhost/services/testprogram/docs/TESTPROGRAMProgramStatement.pdf
=583  \\$acompleteness reviewed$c20150515$fTESTPROGRAM$fTESTPROGRAM Gold$iissue-level
=583  \\$acondition reviewed$c20150515$fTESTPROGRAM$fTESTPROGRAM Gold$iissue-level
=852  0\$aTESTINST1$bHDC$ctestprogram-trust
=866  30$80$a1(1948)-5(1953)
=868  30$80$a1(1948)-5(1953)

