=LDR  00797ny  a22002173n 4500
=001  22911389970003841
=003  TestILS
=004  991016530069703841
=005  20210520081218.11
=007  ta
=008  1306100u\\\\0\\\0001ba\\\0\\\\\\\\\\\\\\
=014  1\$a3112075$bOCoLC
=022  \\$a0011-1503$l0011-1503
=035  \\$a(OCoLC)3112075
=035  \\$a(TestILS)c13183813-01asu_inst
=245  00$aCrítica;$brevista hispanoamericana de filosofía.
=561  \\$aTESTINST1
=561  \\$aCDS
=583  \\$acommitted to retain$c20130610$dDecember 31, 2035$fTESTPROGRAM$fTESTPROGRAM Silver$uhttp://localhost/services/testprogram/docs/TESTPROGRAMProgramStatement.pdf
=583  \\$acompleteness reviewed$c20130610$fTESTPROGRAM$fTESTPROGRAM Silver$ivolume-level$lbinding patterns vary$zfor vols. 3-4, 14-23, 25-26 two volumes bound together as single piece
=852  0\$aTESTINST1$bHDC$ctestprogram-trust$hB1$i.A14
=866  30$80$a1(1967)-37(2005)

