=LDR  00780    a2200217 n 4500
=001  22849229120003841
=003  TestILS
=004  991030508699703841
=005  20210520081217.46
=007  ta
=008  1508040u\\\\0\\\0001ba\\\0\\\\\\\\\\\\\\
=014  1\$a3571089$bOCoLC
=022  0\$a0162-9182$l0162-9182
=035  \\$a(OCoLC)3571089
=035  \\$a(TestILS)c13646199-01asu_inst
=245  00$aJournal of international relations.
=561  \\$aIYU
=583  \\$acommitted to retain$c20150804$dDecember 31, 2035$fTESTPROGRAM$fTESTPROGRAM Gold$uhttp://localhost/services/testprogram/docs/TESTPROGRAMProgramStatement.pdf
=583  \\$acompleteness reviewed$c20150804$fTESTPROGRAM$fTESTPROGRAM Gold$iissue-level$lmissing volumes$zmissing vol. 3
=583  \\$acondition reviewed$c20150804$fTESTPROGRAM$fTESTPROGRAM Gold$iissue-level
=852  0\$aTESTINST1$bHDC$ctestprogram-trust$hH1$i.J558
=866  30$80$a2(1977/78)

