=LDR  00776ny  a22002293n 4500
=001  22869472230003841
=003  TestILS
=004  991006393429703841
=005  20210520081218.17
=007  ta
=008  1303270u\\\\0\\\0001ba\\\0\\\\\\\\\\\\\\
=014  1\$a44137358$bOCoLC
=022  \\$a0038-9366$l0038-9366
=035  \\$a(OCoLC)44137358
=035  \\$a(TestILS)c13080799-01asu_inst
=245  10$aStand.
=561  \\$aTESTINST1
=561  \\$aSTA
=583  \\$acommitted to retain$c20120711$dDecember 31, 2035$fTESTPROGRAM$fTESTPROGRAM Gold$uhttp://localhost/services/testprogram/docs/TESTPROGRAMProgramStatement.pdf
=583  \\$acompleteness reviewed$c20120711$fTESTPROGRAM$fTESTPROGRAM Gold$iissue-level
=583  \\$acondition reviewed$c20120711$fTESTPROGRAM$fTESTPROGRAM Gold$iissue-level
=852  0\$aTESTINST1$bHDC$ctestprogram-trust$hAP4$i.S7345
=866  30$80$a2(2000)-6(2005)

