=LDR  00601nx  a22001811n 4500
=003  TestILS
=004  991022590409703841
=007  ta
=001  221157379200003841
=008  2011300u\\\\0\\\0000ba\\\0\\\\\\
=005  20210520081217.37
=022  \\$a0125-8990
=035  \\$a(OCoLC)33231279
=245  00$aNiwētwitthayā.
=583  \\$acommitted to retain$c20201130$dDecember 31, 2035$fTESTPROGRAM$fTESTPROGRAM Silver$uhttp://localhost/services/testprogram/docs/TESTPROGRAMProgramStatement.pdf
=583  \\$acompleteness reviewed$c20201130$fTESTPROGRAM$fTESTPROGRAM Silver$ivolume level
=561  \\$aTESTINST1
=852  0\$aTESTINST1$bHDC$ctestprogram-trust$hQH540$i.N59x
=866  30$80$a20(1993)-21, no.1(1994)

