=LDR  00698ny  a22001933n 4500
=001  22886488740003841
=003  TestILS
=004  991046606559703841
=005  20210520081217.74
=007  ta
=008  1405150u\\\\0\\\0001ba\\\0\\\\\\\\\\\\\\
=014  1\$a841146411$bOCoLC
=035  \\$a(OCoLC)841146411
=035  \\$a(TestILS)c13405056-01asu_inst
=245  10$aArchitectural Association journal.
=561  \\$aTESTINST1
=583  \\$acommitted to retain$c20140515$dDecember 31, 2035$fTESTPROGRAM$fTESTPROGRAM Silver$uhttp://localhost/services/testprogram/docs/TESTPROGRAMProgramStatement.pdf
=583  \\$acompleteness reviewed$c20140515$fTESTPROGRAM$fTESTPROGRAM Silver$ivolume-level$lmissing volumes$zmissing vols. 20-78
=852  0\$aTESTINST1$bHDC$ctestprogram-trust$hNA1$i.A56
=866  30$80$a79(1964)-80, no. 892(1965)

