=LDR  00705ny  a22002053n 4500
=001  22955684390003841
=003  TestILS
=004  991011490589703841
=005  20210520081217.44
=007  ta
=008  1404160u\\\\0\\\0001ba\\\0\\\\\\\\\\\\\\
=014  1\$a1514262$bOCoLC
=022  0\$a0004-3052
=035  \\$a(OCoLC)1514262
=035  \\$a(TestILS)c13396171-01asu_inst
=245  00$aArt and man.
=561  \\$aTESTINST1
=583  \\$acommitted to retain$c20140416$dDecember 31, 2035$fTESTPROGRAM$fTESTPROGRAM Silver$uhttp://localhost/services/testprogram/docs/TESTPROGRAMProgramStatement.pdf
=583  \\$acompleteness reviewed$c20140416$fTESTPROGRAM$fTESTPROGRAM Silver$ivolume-level$lmissing volumes$zmissing vol. 1-12, 20-22
=852  0\$aTESTINST1$bHDC$ctestprogram-trust
=866  30$80$a13(1982)-19(1989)

