=LDR  00515ny  a22001693n 4500
=003  TestILS
=004  991014164809703841
=005  20210520081217.92
=001  221098638240003841
=007  ta
=008  1901110u\\\\0\\\0001aa\\\0\\\\\\\\\\\\\8
=022  \\$a0305-2176
=035  \\$a(OCoLC)2378874
=245  10$aI.C.E. abstracts.
=561  \\$aTESTINST1
=583  \\$acommitted to retain$c20190111$dDecember 31, 2035$fTESTPROGRAM$fTESTPROGRAM Bronze$uhttp://localhost/services/testprogram/docs/TESTPROGRAMProgramStatement.pdf
=852  0\$aTESTINST1$bHDC$ctestprogram-trust$hTA1$i.I12x
=866  30$80$a(1976)-(1981)

