=LDR  00700nx  a22001931n 4500
=003  TestILS
=004  991030551979703841
=007  ta
=001  221159384900003841
=008  2103090u\\\\0\\\0000ba\\\0\\\\\\
=005  20210520081217.46
=022  \\$a0734-8665
=035  \\$a(OCoLC)8815442
=245  04$aThe Brecht yearbook.
=583  \\$acommitted to retain$c20210309$d20351231$fTESTPROGRAM$fTESTPROGRAM Gold$uhttp://localhost/services/testprogram/docs/TESTPROGRAMProgramStatement.pdf
=583  \\$acompleteness reviewed$c20210309$fTESTPROGRAM$fTESTPROGRAM Gold$iissue level$lmissing issues$zmissing v.34 and after
=583  \\$acondition reviewed$c20210309$fTESTPROGRAM$fTESTPROGRAM Gold$iissue level
=561  \\$aTESTINST1
=852  0\$aTESTINST1$bHDC$ctestprogram-trust$hPT2603.R397$iZ499
=866  30$80$a11(1982)-33(2008)

