=LDR  00578nx  a22001691n 4500
=003  TestILS
=004  991048188290903841
=007  ta
=001  221064213040003841
=008  1804230u\\\\0\\\0000ba\\\0\\\\\\
=005  20210520081217.40
=035  \\$a(OCoLC)6465627
=245  00$aRock products mining & processing.
=583  \\$acommitted to retain$c20180423$dDecember 31, 2035$fTESTPROGRAM$fTESTPROGRAM Silver$uhttp://localhost/services/testprogram/docs/TESTPROGRAMProgramStatement.pdf
=583  \\$acompleteness reviewed$c20180423$fTESTPROGRAM$fTESTPROGRAM Silver$ivolume level
=561  \\$aTESTINST1
=852  0\$aTESTINST1$bHDC$ctestprogram-trust$hTN950$i.A3
=866  30$80$a67, no.1(1964)-67, no.6(1964)

