=LDR  00754nx  a22001931n 4500
=003  TestILS
=004  991011530739703841
=007  ta
=001  221065898100003841
=008  1805040u\\\\0\\\0000ba\\\0\\\\\\
=005  20210520081217.94
=022  \\$a0010-6275
=035  \\$a(OCoLC)1564870
=245  04$aThe Connoisseur.
=583  \\$acommitted to retain$c20180504$dDecember 31, 2035$fTESTPROGRAM$fTESTPROGRAM Silver$uhttp://localhost/services/testprogram/docs/TESTPROGRAMProgramStatement.pdf
=583  \\$acompleteness reviewed$c20180504$fTESTPROGRAM$fTESTPROGRAM Silver$ivolume level$lmissing volumes$zmissing v.109:jan-feb; v.111:jul-aug; v.112:jul-aug; v.115:jan-feb; v.214 no.869 - july; v.215:878; v.218:925;
=561  \\$aTESTINST1
=852  0\$aTESTINST1$bHDC$ctestprogram-trust$hN1 .C75
=866  30$80$a1(1901)-222(1992)
=868  30$80$a1(1901)-24(1909)

