=LDR  00775    a2200217 n 4500
=001  22940738520003841
=003  TestILS
=004  991025090219703841
=005  20210520081217.44
=007  ta
=008  1605090u\\\\0\\\0001ba\\\0\\\\\\\\\\\\\\
=014  1\$a6337988$bOCoLC
=022  0\$a0270-0794
=035  \\$a(OCoLC)6337988
=035  \\$a(TestILS)c13793299-01asu_inst
=245  00$aAdvances in cellular neurobiology.
=561  \\$aTESTINST1
=583  \\$acommitted to retain$c20160509$dDecember 31, 2035$fTESTPROGRAM$fTESTPROGRAM Gold$uhttp://localhost/services/testprogram/docs/TESTPROGRAMProgramStatement.pdf
=583  \\$acompleteness reviewed$c20160509$fTESTPROGRAM$fTESTPROGRAM Gold$iissue-level
=583  \\$acondition reviewed$c20160509$fTESTPROGRAM$fTESTPROGRAM Gold$iissue-level$lhighlighting$zhighlighting v.2
=852  0\$aTESTINST1$bHDC$ctestprogram-trust$hQP351$i.A46
=866  30$80$a1(1980)-5(1984)

