=LDR  00655nx  a22001931n 4500
=003  TestILS
=004  991011876959703841
=007  ta
=001  221169449090003841
=008  2105040u\\\\0\\\0000ba\\\0\\\\\\
=005  20210520081217.65
=022  \\$a0361-8552
=035  \\$a(OCoLC)2142087
=245  00$aYellow brick road.
=583  \\$acommitted to retain$c20210504$d20351231$fTESTPROGRAM$fTESTPROGRAM Gold$uhttp://localhost/services/testprogram/docs/TESTPROGRAMProgramStatement.pdf
=583  \\$acompleteness reviewed$c20210504$fTESTPROGRAM$fTESTPROGRAM Gold$iissue level
=583  \\$acondition reviewed$c20210504$fTESTPROGRAM$fTESTPROGRAM Gold$iissue level
=561  \\$aTESTINST1
=852  0\$aTESTINST1$bHDC$ctestprogram-trust$hPS1$i.Y4x
=866  30$80$ano. 1(1974)-10(1978)

