=LDR  00684ny  a22002173n 4500
=001  22838897220003841
=003  TestILS
=004  991033886899703841
=005  20210520081218.00
=007  ta
=008  1206140u\\\\0\\\0001ba\\\0\\\\\\\\\\\\\\
=014  1\$a11010786$bOCoLC
=022  1\$a0748-8149
=035  \\$a(OCoLC)11010786
=035  \\$a(TestILS)c12793334-01asu_inst
=245  00$aIllinois historical journal.
=561  \\$aTESTINST1
=561  \\$aAZU
=583  \\$acommitted to retain$c20120614$dDecember 31, 2035$fTESTPROGRAM$fTESTPROGRAM Silver$uhttp://localhost/services/testprogram/docs/TESTPROGRAMProgramStatement.pdf
=583  \\$acompleteness reviewed$c20120614$fTESTPROGRAM$fTESTPROGRAM Silver$ivolume-level
=852  0\$aTESTINST1$bHDC$ctestprogram-trust
=866  30$80$a77(1984)-91(1998)

