=LDR  00641nx  a22001811n 4500
=003  TestILS
=004  991011896429703841
=007  ta
=001  221135122070003841
=008  2001285u\\\\0\\\0000ba\\\0\\\\\\
=005  20210520081217.67
=035  \\$a(OCoLC)2241663
=245  00$aKitabu cha jua.
=583  \\$acommitted to retain$c20200128$dDecember 31, 2035$fTESTPROGRAM$fTESTPROGRAM Gold$uhttp://localhost/services/testprogram/docs/TESTPROGRAMProgramStatement.pdf
=583  \\$acompleteness reviewed$c20200128$fTESTPROGRAM$fTESTPROGRAM Gold$iissue level
=583  \\$acondition reviewed$c20200128$fTESTPROGRAM$fTESTPROGRAM Gold$iissue level
=561  \\$aTESTINST1
=852  0\$aTESTINST1$bHDC$ctestprogram-trust$hAP2$i.K62
=866  30$80$a1, no.18(1974)-19(1975)

