=LDR  00735    a2200217 n 4500
=001  22925218450003841
=003  TestILS
=004  991019384749703841
=005  20210520081217.82
=007  ta
=008  1308090u\\\\0\\\0001ba\\\0\\\\\\\\\\\\\\
=014  1\$a29533645$bOCoLC
=022  0\$a1073-7820
=035  \\$a(OCoLC)29533645
=035  \\$a(TestILS)c13230359-01asu_inst
=245  00$aPeterson's guide to nursing programs.
=561  \\$aTESTINST1
=583  \\$acommitted to retain$c20130809$dDecember 31, 2035$fTESTPROGRAM$fTESTPROGRAM Gold$uhttp://localhost/services/testprogram/docs/TESTPROGRAMProgramStatement.pdf
=583  \\$acompleteness reviewed$c20130809$fTESTPROGRAM$fTESTPROGRAM Gold$iissue-level
=583  \\$acondition reviewed$c20130809$fTESTPROGRAM$fTESTPROGRAM Gold$iissue-level
=852  0\$aTESTINST1$bHDC$ctestprogram-trust
=866  30$80$ano.1(1994)-7(2001)

