=LDR  00865    a2200241 n 4500
=001  22943140200003841
=003  TestILS
=004  991025094109703841
=005  20210520081217.41
=007  ta
=008  1505290u\\\\0\\\0001ba\\\0\\\\\\\\\\\\\\
=014  1\$a6385202$bOCoLC
=022  0\$a0031-2282
=035  \\$a(OCoLC)6385202
=035  \\$a(TestILS)c13607340-01asu_inst
=245  04$aThe parliamentarian :$bjournal of the parliaments of the Commonwealth.
=561  \\$aTESTINST1
=583  \\$acommitted to retain$c20150529$dDecember 31, 2035$fTESTPROGRAM$fTESTPROGRAM Gold$uhttp://localhost/services/testprogram/docs/TESTPROGRAMProgramStatement.pdf
=583  \\$acompleteness reviewed$c20150529$fTESTPROGRAM$fTESTPROGRAM Gold$iissue-level
=583  \\$acondition reviewed$c20150529$fTESTPROGRAM$fTESTPROGRAM Gold$iissue-level
=852  0\$aTESTINST1$bHDC$ctestprogram-trust$hJN101 .J6
=866  30$80$a47(1966)-86(2005)
=867  30$80$a73(1992)-75(1994), 77(1996)-79(1998), 81(2000)-83(2002), 86(2005)
=868  30$80$a62(1981)-71(1990)

