=LDR  00662nx  a22001931n 4500
=003  TestILS
=004  991019833749703841
=007  ta
=001  221147439820003841
=008  2005315u\\\\0\\\0000ba\\\0\\\\\\
=005  20210520081217.82
=022  \\$a0160-8665
=035  \\$a(OCoLC)3792265
=245  00$aMime, mask & marionette.
=583  \\$acommitted to retain$c20200531$dDecember 31, 2035$fTESTPROGRAM$fTESTPROGRAM Gold$uhttp://localhost/services/testprogram/docs/TESTPROGRAMProgramStatement.pdf
=583  \\$acompleteness reviewed$c20200511$fTESTPROGRAM$fTESTPROGRAM Gold$iissue level
=583  \\$acondition reviewed$c20200531$fTESTPROGRAM$fTESTPROGRAM Gold$iissue level
=561  \\$aTESTINST1
=852  0\$aTESTINST1$bHDC$ctestprogram-trust$hPN1985$i.M56
=866  30$80$a1(1978)-2(1980)

