=LDR  00630nx  a22001811n 4500
=003  TestILS
=004  991025078069703841
=007  ta
=001  221129396720003841
=008  1908165u\\\\0\\\0000ba\\\0\\\\\\
=005  20210520081217.44
=035  \\$a(OCoLC)6190449
=245  00$aArt directors ... annual.
=583  \\$acommitted to retain$c20190923$dDecember 31, 2035$fTESTPROGRAM$fTESTPROGRAM Gold$uhttp://localhost/services/testprogram/docs/TESTPROGRAMProgramStatement.pdf
=583  \\$acompleteness reviewed$c20190923$fTESTPROGRAM$fTESTPROGRAM Gold$iissue level
=583  \\$acondition reviewed$c20190923$fTESTPROGRAM$fTESTPROGRAM Gold$iissue level
=561  \\$aTESTINST1
=852  0\$aTESTINST1$bHDC$ctestprogram-trust$hNC997.A1$iA69
=866  30$80$a21(1942)

