=LDR  00663nx  a22001931n 4500
=003  TestILS
=004  991030574739703841
=007  ta
=001  221126309870003841
=008  1908165u\\\\0\\\0000ba\\\0\\\\\\
=005  20210520081217.47
=022  \\$a1366-8048
=035  \\$a(OCoLC)9176678
=245  04$aThe International foundation directory.
=583  \\$acommitted to retain$c20190823$dDecember 31, 2035$fTESTPROGRAM$fTESTPROGRAM Gold$uhttp://localhost/services/testprogram/docs/TESTPROGRAMProgramStatement.pdf
=583  \\$acompleteness reviewed$c20190823$fTESTPROGRAM$fTESTPROGRAM Gold$iissue level
=583  \\$acondition reviewed$c20190823$fTESTPROGRAM$fTESTPROGRAM Gold$iissue level
=561  \\$aTESTINST1
=852  0\$aTESTINST1$bHDC$ctestprogram-trust$hHV7$i.I56
=866  30$80$ano.1(1974)-13(2004)

