=LDR  00813    a2200217 n 4500
=001  22825259200003841
=003  TestILS
=004  991030567049703841
=005  20210520081217.47
=007  ta
=008  1505190u\\\\0\\\0001ba\\\0\\\\\\\\\\\\\\
=014  1\$a9039998$bOCoLC
=022  \\$a0258-3054$l0258-3054
=035  \\$a(OCoLC)9039998
=035  \\$a(TestILS)c13604259-01asu_inst
=245  00$6880-01$aChina market =$bZhongguo shi chang.
=561  \\$aTESTINST1
=583  \\$acommitted to retain$c20150519$dDecember 31, 2035$fTESTPROGRAM$fTESTPROGRAM Gold$uhttp://localhost/services/testprogram/docs/TESTPROGRAMProgramStatement.pdf
=583  \\$acompleteness reviewed$c20150519$fTESTPROGRAM$fTESTPROGRAM Gold$iissue-level$lmissing issues$zmissing 1982 no. 7-12; 1991 no. 2-3
=583  \\$acondition reviewed$c20150519$fTESTPROGRAM$fTESTPROGRAM Gold$iissue-level
=852  0\$aTESTINST1$bHDC$ctestprogram-trust$hHC426$i.C45x
=866  30$80$a(1982)-(1993), no. 3

