=LDR  00814ny  a22002293n 4500
=001  22886795480003841
=003  TestILS
=004  991011605319703841
=005  20210520081217.90
=007  ta
=008  1305150u\\\\0\\\0001ba\\\0\\\\\\\\\\\\\\
=014  1\$a1628173$bOCoLC
=022  \\$a0185-1276
=035  \\$a(OCoLC)1628173
=035  \\$a(TestILS)c13151174-01asu_inst
=245  00$aAnales del Instituto de Investigaciones Estéticas.
=561  \\$aTESTINST1
=561  \\$aWAU
=583  \\$acommitted to retain$c20130516$dDecember 31, 2035$fTESTPROGRAM$fTESTPROGRAM Gold$uhttp://localhost/services/testprogram/docs/TESTPROGRAMProgramStatement.pdf
=583  \\$acompleteness reviewed$c20130516$fTESTPROGRAM$fTESTPROGRAM Gold$iissue-level$lmissing volumes$zmissing vols. 60(1989)-87(2005)
=583  \\$acondition reviewed$c20130516$fTESTPROGRAM$fTESTPROGRAM Gold$iissue-level
=852  0\$aTESTINST1$bHDC$ctestprogram-trust$hN16$i.M5
=866  30$80$ano.1(1937)-59(1988)

