=LDR  00751    a2200229 n 4500
=001  22823434210003841
=003  TestILS
=004  991011540029703841
=005  20210520081217.95
=007  ta
=008  1505010u\\\\0\\\0001ba\\\0\\\\\\\\\\\\\\
=014  1\$a1566650$bOCoLC
=022  0\$a0012-2882
=035  \\$a(OCoLC)1566650
=035  \\$a(TestILS)c13595891-01asu_inst
=245  00$aDimension;$bcontemporary German arts and letters.
=561  \\$aTESTINST1
=561  \\$aCCO
=583  \\$acommitted to retain$c20150501$dDecember 31, 2035$fTESTPROGRAM$fTESTPROGRAM Gold$uhttp://localhost/services/testprogram/docs/TESTPROGRAMProgramStatement.pdf
=583  \\$acompleteness reviewed$c20150501$fTESTPROGRAM$fTESTPROGRAM Gold$iissue-level
=583  \\$acondition reviewed$c20150501$fTESTPROGRAM$fTESTPROGRAM Gold$iissue-level
=852  0\$aTESTINST1$bHDC$ctestprogram-trust
=866  30$80$a1(1968)-19(1993)

