=LDR  00744ny  a22002173n 4500
=001  22924132570003841
=003  TestILS
=004  991028917479703841
=005  20210520081218.20
=007  ta
=008  1207090u\\\\0\\\0001ba\\\0\\\\\\\\\\\\\\
=014  1\$a8513124$bOCoLC
=022  0\$a0261-1430
=035  \\$a(OCoLC)8513124
=035  \\$a(TestILS)c12808817-01asu_inst
=245  10$aPopular music.
=561  \\$aTESTINST1
=561  \\$aORZ
=583  \\$acommitted to retain$c20120709$dDecember 31, 2035$fTESTPROGRAM$fTESTPROGRAM Silver$uhttp://localhost/services/testprogram/docs/TESTPROGRAMProgramStatement.pdf
=583  \\$acompleteness reviewed$c20120709$fTESTPROGRAM$fTESTPROGRAM Silver$ivolume-level$lbinding patterns vary$zno.12-13 bound together as single unit
=852  0\$aTESTINST1$bHDC$ctestprogram-trust
=866  30$80$a1(1981)-24(2005)

