=LDR  00739ny  a22002173n 4500
=001  22960069980003841
=003  TestILS
=004  991005903869703841
=005  20210520081218.16
=007  ta
=008  1206010u\\\\0\\\0001ba\\\0\\\\\\\\\\\\\\
=014  1\$a816160$bOCoLC
=022  \\$a0033-3646
=035  \\$a(OCoLC)816160
=035  \\$a(TestILS)c12791106-01asu_inst
=245  00$aPublic policy.
=561  \\$aTESTINST1
=561  \\$aAZU
=583  \\$acommitted to retain$c20120601$dDecember 31, 2035$fTESTPROGRAM$fTESTPROGRAM Silver$uhttp://localhost/services/testprogram/docs/TESTPROGRAMProgramStatement.pdf
=583  \\$acompleteness reviewed$c20120601$fTESTPROGRAM$fTESTPROGRAM Silver$ivolume-level$lmissing volumes$zmissing v.23-29$lreprints$zv.3,5 reprints
=852  0\$aTESTINST1$bHDC$ctestprogram-trust
=866  30$80$a1(1940)-22(1974)

