=LDR  00667nx  a22001931n 4500
=003  TestILS
=004  991042392399703841
=007  ta
=001  221033595710003841
=008  1708220u\\\\0\\\0000ba\\\0\\\\\\
=005  20210520081217.59
=022  \\$a1049-5207
=035  \\$a(OCoLC)19905074
=245  04$aThe Robotics review.
=583  \\$acommitted to retain$c20170821$dDecember 31, 2035$fTESTPROGRAM$fTESTPROGRAM Gold$uhttp://localhost/services/testprogram/docs/TESTPROGRAMProgramStatement.pdf
=583  \\$acompleteness reviewed$c20170821$fTESTPROGRAM$fTESTPROGRAM Gold$iissue-level
=583  \\$acondition reviewed$c20170821$fTESTPROGRAM$fTESTPROGRAM Gold$iissue-level
=561  \\$aTESTINST1
=852  0\$aTESTINST1$bHDC$ctestprogram-trust$hTJ210.2 .R63x
=866  30$80$ano.1(1989)-2(1992)

