=LDR  00577nx  a22001811n 4500
=003  TestILS
=004  991048361898203841
=007  ta
=001  221164958920003841
=008  1901255u\\\\0\\\0000ba\\\0\\\\\\
=005  20210520081217.93
=035  \\$a(OCoLC)5972409
=245  04$aThe Home economist and the American food journal.
=583  \\$acommitted to retain$c20190125$dDecember 31, 2035$fTESTPROGRAM$fTESTPROGRAM Silver$uhttp://localhost/services/testprogram/docs/TESTPROGRAMProgramStatement.pdf
=583  \\$acompleteness reviewed$c20190125$fTESTPROGRAM$fTESTPROGRAM Silver$ivolume level
=561  \\$aTESTINST1
=561  \\$aNTD
=852  0\$aTESTINST1$bHDC$ctestprogram-trust$hTX341$i.P63
=866  30$80$a6(1928)

