=LDR  00811nx  a22001811n 4500
=003  TestILS
=004  991011774919703841
=007  ta
=001  221058863080003841
=008  1803070u\\\\0\\\0000ba\\\0\\\\\\
=005  20210520081217.56
=022  \\$a2159-0915
=035  \\$a(OCoLC)1779708
=245  10$aCurrent literature.
=583  \\$acommitted to retain$c20180406$dDecember 31, 2035$fTESTPROGRAM$fTESTPROGRAM Silver$uhttp://localhost/services/testprogram/docs/TESTPROGRAMProgramStatement.pdf
=583  \\$acompleteness reviewed$c20180406$fTESTPROGRAM$fTESTPROGRAM Silver$ivolume level$lmissing volumes$zmissing v.1-5; v.7; v.11; v.16-19; v.21; v.27; v.29; v.38; v.48; v.50-51; v.53
=561  \\$aTESTINST1
=852  0\$aTESTINST1$bHDC$ctestprogram-trust$hAP2 .C95
=866  30$80$a6(1891), 8(1891)-10(1892), 12(1893)-15(1894), 20(1896), 22(1897)-26(1899), 28(1900), 30(1901)-37(1904), 39(1905)-47(1909), 49(1910), 52(1912)

