=LDR  00731ny  a22002173n 4500
=001  22852735460003841
=003  TestILS
=004  991017805759703841
=005  20210520081217.63
=007  ta
=008  1705080u\\\\0\\\0001ba\\\0\\\\\\\\\\\\\\
=014  1\$a12359089$bOCoLC
=022  0\$a0884-8009$l0884-8009$y0164-9175
=035  \\$a(OCoLC)12359089
=035  \\$a(TestILS)c1414718x-01asu_inst
=245  00$aVocational education journal.
=561  \\$aTESTINST1
=561  \\$aCSJ
=583  \\$acommitted to retain$c20170508$dDecember 31, 2035$fTESTPROGRAM$fTESTPROGRAM Silver$uhttp://localhost/services/testprogram/docs/TESTPROGRAMProgramStatement.pdf
=583  \\$acompleteness reviewed$c20170508$fTESTPROGRAM$fTESTPROGRAM Silver$ivolume-level
=852  0\$aTESTINST1$bHDC$ctestprogram-trust$hLC1041$i.A6
=866  30$80$a60, no.5(1985)-71, no.5(1996)

