=LDR  00863    a2200217 n 4500
=001  22849627120003841
=003  TestILS
=004  991011856639703841
=005  20210520081217.38
=007  ta
=008  1505110u\\\\0\\\0001ba\\\0\\\\\\\\\\\\\\
=014  1\$a2002117$bOCoLC
=022  \\$a0071-7096
=035  \\$a(OCoLC)2002117
=035  \\$a(TestILS)c13598132-01asu_inst
=245  00$aFAO rice report.
=561  \\$aTESTINST1
=583  \\$acommitted to retain$c20150511$dDecember 31, 2035$fTESTPROGRAM$fTESTPROGRAM Gold$uhttp://localhost/services/testprogram/docs/TESTPROGRAMProgramStatement.pdf
=583  \\$acompleteness reviewed$c20150511$fTESTPROGRAM$fTESTPROGRAM Gold$iissue-level$lmissing volumes$zmissing vols. 14-17
=583  \\$acondition reviewed$c20150511$fTESTPROGRAM$fTESTPROGRAM Gold$iissue-level$lunderlining$zno. 23 underlining$lloose pages$zno. 21 loose pages and cover
=852  0\$aTESTINST1$bHDC$ctestprogram-trust$hHD9066.A2$iF53x
=866  30$80$a18(1967)-24(1975)

