=LDR  00695nx  a22001931n 4500
=003  TestILS
=004  991011667459703841
=007  ta
=001  221159189510003841
=008  2102125u\\\\0\\\0000ba\\\0\\\\\\
=005  20210520081218.11
=022  \\$a0072-7288
=035  \\$a(OCoLC)1751544
=245  04$aThe great ideas today.
=583  \\$acommitted to retain$c20210212$d20351231$fTESTPROGRAM$fTESTPROGRAM Gold$uhttp://localhost/services/testprogram/docs/TESTPROGRAMProgramStatement.pdf
=583  \\$acompleteness reviewed$c20210212$fTESTPROGRAM$fTESTPROGRAM Gold$iissue level$lmissing issues$zmissing (1977)
=583  \\$acondition reviewed$c20210212$fTESTPROGRAM$fTESTPROGRAM Gold$iissue level
=561  \\$aTESTINST1
=852  0\$aTESTINST1$bHDC$ctestprogram-trust$hAY59$i.G7
=866  30$80$a(1961)-(1976), (1978)-(1998)

