=LDR  00751    a2200229 n 4500
=001  22889265480003841
=003  TestILS
=004  991018836779703841
=005  20210520081217.71
=007  ta
=008  1306040u\\\\0\\\0001ba\\\0\\\\\\\\\\\\\\
=014  1\$a3792924$bOCoLC
=022  \\$a0185-1535
=035  \\$a(OCoLC)3792924
=035  \\$a(TestILS)c1318300x-01asu_inst
=245  00$aNexos.
=561  \\$aTESTINST1
=561  \\$aCUZ
=583  \\$acommitted to retain$c20130604$dDecember 31, 2035$fTESTPROGRAM$fTESTPROGRAM Gold$uhttp://localhost/services/testprogram/docs/TESTPROGRAMProgramStatement.pdf
=583  \\$acompleteness reviewed$c20130604$fTESTPROGRAM$fTESTPROGRAM Gold$iissue-level
=583  \\$acondition reviewed$c20130604$fTESTPROGRAM$fTESTPROGRAM Gold$iissue-level
=852  0\$aTESTINST1$bHDC$ctestprogram-trust
=866  30$80$a1(1978)-27(2005)

