=LDR  00757    a2200229 n 4500
=001  22969556010003841
=003  TestILS
=004  991011468779703841
=005  20210520081217.67
=007  ta
=008  1605010u\\\\0\\\0001ba\\\0\\\\\\\\\\\\\\
=014  1\$a1479819$bOCoLC
=022  0\$a0065-8170
=030  \\$aAESMAK
=035  \\$a(OCoLC)1479819
=035  \\$a(TestILS)c13793159-01asu_inst
=245  00$aMemoirs of the American Entomological Society.
=561  \\$aTESTINST1
=583  \\$acommitted to retain$c20160501$dDecember 31, 2035$fTESTPROGRAM$fTESTPROGRAM Gold$uhttp://localhost/services/testprogram/docs/TESTPROGRAMProgramStatement.pdf
=583  \\$acompleteness reviewed$c20160501$fTESTPROGRAM$fTESTPROGRAM Gold$iissue-level
=583  \\$acondition reviewed$c20160501$fTESTPROGRAM$fTESTPROGRAM Gold$iissue-level
=852  0\$aTESTINST1$bHDC$ctestprogram-trust
=866  30$80$ano.1(1916)-46(2005)

