=LDR  00752    a2200205 n 4500
=001  22825273660003841
=003  TestILS
=004  991030564759703841
=005  20210520081217.47
=007  ta
=008  1501070u\\\\0\\\0001ba\\\0\\\\\\\\\\\\\\
=014  1\$a6201982$bOCoLC
=035  \\$a(OCoLC)6201982
=035  \\$a(TestILS)c13564857-01asu_inst
=245  00$aSchool band and orchestra musician.
=561  \\$aIYU
=583  \\$acommitted to retain$c20150107$dDecember 31, 2035$fTESTPROGRAM$fTESTPROGRAM Gold$uhttp://localhost/services/testprogram/docs/TESTPROGRAMProgramStatement.pdf
=583  \\$acompleteness reviewed$c20150107$fTESTPROGRAM$fTESTPROGRAM Gold$iissue-level$lmissing issues$zmissing v.1 issues 1-4, 6-8
=583  \\$acondition reviewed$c20150107$fTESTPROGRAM$fTESTPROGRAM Gold$iissue-level
=852  0\$aTESTINST1$bHDC$ctestprogram-trust$hML1$i.S36
=866  30$80$a1(1930)

