=LDR  00809ny  a22002413n 4500
=001  22826748870003841
=003  TestILS
=004  991011807989703841
=005  20210520081217.98
=007  ta
=008  1310310u\\\\0\\\0001ba\\\0\\\\\\\\\\\\\\
=014  1\$a1787711$bOCoLC
=022  \\$a0091-6471
=030  \\$aJPSTDG
=035  \\$a(OCoLC)1787711
=035  \\$a(TestILS)c13279865-01asu_inst
=245  00$aJournal of psychology and theology.
=561  \\$aTESTINST1
=561  \\$aSTA
=561  \\$aCPE
=583  \\$acommitted to retain$c20131031$dDecember 31, 2035$fTESTPROGRAM$fTESTPROGRAM Silver$uhttp://localhost/services/testprogram/docs/TESTPROGRAMProgramStatement.pdf
=583  \\$acompleteness reviewed$c20131031$fTESTPROGRAM$fTESTPROGRAM Silver$ivolume-level$lbinding patterns vary$zfor v.3-4, 11-14 two volumes bound together as single piece
=852  0\$aTESTINST1$bHDC$ctestprogram-trust
=866  30$80$a1(1973)-33(2005)

