=LDR  00808ny  a22002413n 4500
=001  22911653240003841
=003  TestILS
=004  991011670639703841
=005  20210520081218.11
=007  ta
=008  1305030u\\\\0\\\0001ba\\\0\\\\\\\\\\\\\\
=014  1\$a1752145$bOCoLC
=022  \\$a0018-2613$l0018-2613
=035  \\$a(OCoLC)1752145
=035  \\$a(TestILS)c13150509-01asu_inst
=245  00$aHistorische Zeitschrift.
=561  \\$aTESTINST1
=561  \\$aCUF
=561  \\$aUUM
=583  \\$acommitted to retain$c20130503$dDecember 31, 2035$fTESTPROGRAM$fTESTPROGRAM Silver$uhttp://localhost/services/testprogram/docs/TESTPROGRAMProgramStatement.pdf
=583  \\$acompleteness reviewed$c20130503$fTESTPROGRAM$fTESTPROGRAM Silver$ivolume-level$lreprints$zreprints v. 1-152, 161-169, 172-185
=852  0\$aTESTINST1$bHDC$ctestprogram-trust$hD1$i.H6
=866  30$80$a1(1859)-281(2005)
=868  30$80$a266(1998)-285(2007)

