=LDR  00661ny  a22002053n 4500
=001  22928431120003841
=003  TestILS
=004  991011752579703841
=005  20210520081217.55
=007  ta
=008  1207100u\\\\0\\\0001ba\\\0\\\\\\\\\\\\\\
=014  1\$a1769730$bOCoLC
=022  \\$a0043-3810
=035  \\$a(OCoLC)1769730
=035  \\$a(TestILS)c12809263-01asu_inst
=245  04$aThe Western historical quarterly.
=561  \\$aTESTINST1
=583  \\$acommitted to retain$c20120710$dDecember 31, 2035$fTESTPROGRAM$fTESTPROGRAM Silver$uhttp://localhost/services/testprogram/docs/TESTPROGRAMProgramStatement.pdf
=583  \\$acompleteness reviewed$c20120710$fTESTPROGRAM$fTESTPROGRAM Silver$ivolume-level
=852  0\$aTESTINST1$bHDC$ctestprogram-trust
=866  30$80$a1(1970)-36(2005)

