=LDR  00893ny  a22002293n 4500
=001  22819084290003841
=003  TestILS
=004  991011500829703841
=005  20210520081217.45
=007  ta
=008  1207090u\\\\0\\\0001ba\\\0\\\\\\\\\\\\\\
=014  1\$a1519716$bOCoLC
=022  0\$a0006-0895$l0006-0895$y0003-097X
=035  \\$a(OCoLC)1519716
=035  \\$a(TestILS)c12808477-01asu_inst
=245  04$aThe Biblical archaeologist.
=561  \\$aTESTINST1
=561  \\$aCDS
=583  \\$acommitted to retain$c20120709$dDecember 31, 2035$fTESTPROGRAM$fTESTPROGRAM Silver$uhttp://localhost/services/testprogram/docs/TESTPROGRAMProgramStatement.pdf
=583  \\$acompleteness reviewed$c20120709$fTESTPROGRAM$fTESTPROGRAM Silver$ivolume-level$lmissing volumes$zmissing vol. 21; vol. 26 issues 1-2, 4; vol.30
=852  0\$aTESTINST1$bHDC$ctestprogram-trust$hBS620.A1$iB5
=866  30$80$a1(1938)-20(1957), 22(1959)-29(1966), 31(1968)-60(1997)
=868  30$80$a1(1938)-5(1942), 31(1968)-35(1972), 46(1983)-50(1987)

