=LDR  00662ny  a22002053n 4500
=001  22818433000003841
=003  TestILS
=004  991011504039703841
=005  20210520081217.45
=007  ta
=008  1206200u\\\\0\\\0001ba\\\0\\\\\\\\\\\\\\
=014  1\$a1536472$bOCoLC
=022  0\$a0006-3568
=035  \\$a(OCoLC)1536472
=035  \\$a(TestILS)c12759545-01asu_inst
=245  00$aBioScience.
=561  \\$aTESTINST1
=583  \\$acommitted to retain$c20120620$dDecember 31, 2035$fTESTPROGRAM$fTESTPROGRAM Silver$uhttp://localhost/services/testprogram/docs/TESTPROGRAMProgramStatement.pdf
=583  \\$acompleteness reviewed$c20120620$fTESTPROGRAM$fTESTPROGRAM Silver$ivolume-level
=852  0\$aTESTINST1$bHDC$ctestprogram-trust
=866  30$80$a14(1964)-55(2005)

