=LDR  00781    a2200217 n 4500
=001  22956939420003841
=003  TestILS
=004  991014163789703841
=005  20210520081217.92
=007  ta
=008  1505190u\\\\0\\\0001ba\\\0\\\\\\\\\\\\\\
=014  1\$a2365351$bOCoLC
=022  0\$a0162-0029
=035  \\$a(OCoLC)2365351
=035  \\$a(TestILS)c13604211-01asu_inst
=245  00$aGarcía Lorca review.
=561  \\$aTESTINST1
=583  \\$acommitted to retain$c20150519$dDecember 31, 2035$fTESTPROGRAM$fTESTPROGRAM Gold$uhttp://localhost/services/testprogram/docs/TESTPROGRAMProgramStatement.pdf
=583  \\$acompleteness reviewed$c20150519$fTESTPROGRAM$fTESTPROGRAM Gold$iissue-level$lmissing volumes$zmissing vol. 3
=583  \\$acondition reviewed$c20150519$fTESTPROGRAM$fTESTPROGRAM Gold$iissue-level
=852  0\$aTESTINST1$bHDC$ctestprogram-trust
=866  30$80$a1(1973)-2(1974), 4(1976)-11(1983)

