=LDR  00737ny  a22002413n 4500
=001  22860398990003841
=003  TestILS
=004  991011886429703841
=005  20210520081217.66
=007  ta
=008  1306100u\\\\0\\\0001ba\\\0\\\\\\\\\\\\\\
=014  1\$a2216464$bOCoLC
=022  \\$a0044-3751
=035  \\$a(OCoLC)2216464
=035  \\$a(TestILS)c13183795-01asu_inst
=245  00$aZeitschrift für philosophische Forschung.
=561  \\$aTESTINST1
=561  \\$aCUS
=561  \\$aIYU
=583  \\$acommitted to retain$c20130610$dDecember 31, 2035$fTESTPROGRAM$fTESTPROGRAM Silver$uhttp://localhost/services/testprogram/docs/TESTPROGRAMProgramStatement.pdf
=583  \\$acompleteness reviewed$c20130610$fTESTPROGRAM$fTESTPROGRAM Silver$ivolume-level
=852  0\$aTESTINST1$bHDC$ctestprogram-trust
=866  30$80$a1(1946)-59(2005)
=868  30$80$a1(1946)-30(1976)

