=LDR  00701nx  a22001931n 4500
=003  TestILS
=004  991011698769703841
=007  ta
=001  221132358260003841
=008  1912315u\\\\0\\\0000ba\\\0\\\\\\
=005  20210520081217.86
=022  \\$a0076-9266
=035  \\$a(OCoLC)1758284
=245  10$aMinnesota symposia on child psychology :$b[papers].
=583  \\$acommitted to retain$c20191231$dDecember 31, 2035$fTESTPROGRAM$fTESTPROGRAM Gold$uhttp://localhost/services/testprogram/docs/TESTPROGRAMProgramStatement.pdf
=583  \\$acompleteness reviewed$c20191231$fTESTPROGRAM$fTESTPROGRAM Gold$iissue level$lmissing v.10(1975)
=583  \\$acondition reviewed$c20191231$fTESTPROGRAM$fTESTPROGRAM Gold$iissue level
=561  \\$aTESTINST1
=852  0\$aTESTINST1$bHDC$ctestprogram-trust$hBF721$i.M545
=866  30$80$a1(1966)-9(1974), 11(1976)-35(2007)

