=LDR  00751ny  a22002053n 4500
=001  22928524430003841
=003  TestILS
=004  991011752869703841
=005  20210520081217.55
=007  ta
=008  1305310u\\\\0\\\0001ba\\\0\\\\\\\\\\\\\\
=014  1\$a1769768$bOCoLC
=022  \\$a0043-4221
=035  \\$a(OCoLC)1769768
=035  \\$a(TestILS)c1318202x-01asu_inst
=245  00$aWestern states Jewish historical quarterly.
=561  \\$aTESTINST1
=583  \\$acommitted to retain$c20130531$dDecember 31, 2035$fTESTPROGRAM$fTESTPROGRAM Silver$uhttp://localhost/services/testprogram/docs/TESTPROGRAMProgramStatement.pdf
=583  \\$acompleteness reviewed$c20130531$fTESTPROGRAM$fTESTPROGRAM Silver$ivolume-level$lbinding patterns vary$zfor 1-4, two volumes bound together as single piece
=852  0\$aTESTINST1$bHDC$ctestprogram-trust$hF591$i.W469
=866  30$80$a1(1968)-15(1983)

