=LDR  00868    a2200217 n 4500
=001  22917537640003841
=003  TestILS
=004  991016522719703841
=005  20210520081218.11
=007  ta
=008  1605200u\\\\0\\\0001ba\\\0\\\\\\\\\\\\\\
=014  1\$a3015235$bOCoLC
=022  \\$a0146-7875
=035  \\$a(OCoLC)3015235
=035  \\$a(TestILS)c13831719-01asu_inst
=245  10$aNebraska Symposium on Motivation.
=561  \\$aTESTINST1
=583  \\$acommitted to retain$c20160520$dDecember 31, 2035$fTESTPROGRAM$fTESTPROGRAM Gold$uhttp://localhost/services/testprogram/docs/TESTPROGRAMProgramStatement.pdf
=583  \\$acompleteness reviewed$c20160520$fTESTPROGRAM$fTESTPROGRAM Gold$iissue-level$lmissing volumes$zmissing v.4
=583  \\$acondition reviewed$c20160520$fTESTPROGRAM$fTESTPROGRAM Gold$iissue-level$lhighlighting$zhighlighting v.27$lmarginalia$zmarginalia v.3, v.8, v.14, v.15, v.19, v.21
=852  0\$aTESTINST1$bHDC$ctestprogram-trust
=866  30$80$a2(1954)-3(1955), 5(1957)-51(2005)

