=LDR  00523ny  a22001693n 4500
=003  TestILS
=004  991018835259703841
=005  20210520081217.71
=001  221098637660003841
=007  ta
=008  1901110u\\\\0\\\0001aa\\\0\\\\\\\\\\\\\8
=022  \\$a1748-3182
=035  \\$a(OCoLC)70835473
=245  00$aBioinspiration&biomimetics.
=561  \\$aTESTINST1
=583  \\$acommitted to retain$c20190111$dDecember 31, 2035$fTESTPROGRAM$fTESTPROGRAM Bronze$uhttp://localhost/services/testprogram/docs/TESTPROGRAMProgramStatement.pdf
=852  0\$aTESTINST1$bHDC$ctestprogram-trust$hQP517.B56$iB477
=866  30$80$a2(2007)-7(2012)

