=LDR  00660nx  a22001931n 4500
=003  TestILS
=004  991011618959703841
=007  ta
=001  221045862390003841
=008  1711150u\\\\0\\\0000ba\\\0\\\\\\
=005  20210520081217.91
=022  \\$a0076-6933
=035  \\$a(OCoLC)1642128
=245  00$aMethods in virology.
=583  \\$acommitted to retain$c20171115$dDecember 31, 2035$fTESTPROGRAM$fTESTPROGRAM Gold$uhttp://localhost/services/testprogram/docs/TESTPROGRAMProgramStatement.pdf
=583  \\$acompleteness reviewed$c20171115$fTESTPROGRAM$fTESTPROGRAM Gold$iissue level
=583  \\$acondition reviewed$c20171115$fTESTPROGRAM$fTESTPROGRAM Gold$iissue level
=561  \\$aTESTINST1
=852  0\$aTESTINST1$bHDC$ctestprogram-trust$hQR360 .M45
=866  30$80$a1(1967)-8(1984)

