=LDR  00771    a2200217 n 4500
=001  22928889460003841
=003  TestILS
=004  991038378939703841
=005  20210520081217.54
=007  ta
=008  1705080u\\\\0\\\0001ba\\\0\\\\\\\\\\\\\\
=014  1\$a4543110$bOCoLC
=022  0\$a0163-9331$l0163-9331$21
=035  \\$a(OCoLC)4543110
=035  \\$a(TestILS)c14148377-01asu_inst
=245  00$aIndustrial medicine and surgery of trauma.
=561  \\$aTESTINST1
=583  \\$acommitted to retain$c20170508$dDecember 31, 2035$fTESTPROGRAM$fTESTPROGRAM Gold$uhttp://localhost/services/testprogram/docs/TESTPROGRAMProgramStatement.pdf
=583  \\$acompleteness reviewed$c20170508$fTESTPROGRAM$fTESTPROGRAM Gold$iissue-level
=583  \\$acondition reviewed$c20170508$fTESTPROGRAM$fTESTPROGRAM Gold$iissue-level
=852  0\$aTESTINST1$bHDC$ctestprogram-trust$hRC963$i.A37
=866  30$80$a18, no.6(1949)-18, no.7(1949)

