=LDR  00813    a2200229 n 4500
=001  22828985200003841
=003  TestILS
=004  991011816889703841
=005  20210520081217.74
=007  ta
=008  1404160u\\\\0\\\0001ba\\\0\\\\\\\\\\\\\\
=014  1\$a1792243$bOCoLC
=022  0\$a0093-5794
=035  \\$a(OCoLC)1792243
=035  \\$a(TestILS)c13402390-01asu_inst
=245  00$aWord processing world.
=561  \\$aTESTINST1
=561  \\$aUUS
=583  \\$acommitted to retain$c20140416$dDecember 31, 2035$fTESTPROGRAM$fTESTPROGRAM Gold$uhttp://localhost/services/testprogram/docs/TESTPROGRAMProgramStatement.pdf
=583  \\$acompleteness reviewed$c20140416$fTESTPROGRAM$fTESTPROGRAM Gold$iissue-level$lmissing issues$zmissing vol. 1 issues for March & April
=583  \\$acondition reviewed$c20140416$fTESTPROGRAM$fTESTPROGRAM Gold$iissue-level
=852  0\$aTESTINST1$bHDC$ctestprogram-trust
=866  30$80$a1(1974)-6, no.8(1979)

