=LDR  00754    a2200229 n 4500
=001  22820956750003841
=003  TestILS
=004  991008733039703841
=005  20210520081217.52
=007  ta
=008  1505150u\\\\0\\\0001ba\\\0\\\\\\\\\\\\\\
=014  1\$a994568$bOCoLC
=022  0\$a0193-0699
=035  \\$a(OCoLC)994568
=035  \\$a(TestILS)c13598673-01asu_inst
=245  10$aWorldwide operating statistics of the hotel industry.
=561  \\$aTESTINST1
=561  \\$aWAU
=583  \\$acommitted to retain$c20150515$dDecember 31, 2035$fTESTPROGRAM$fTESTPROGRAM Gold$uhttp://localhost/services/testprogram/docs/TESTPROGRAMProgramStatement.pdf
=583  \\$acompleteness reviewed$c20150515$fTESTPROGRAM$fTESTPROGRAM Gold$iissue-level
=583  \\$acondition reviewed$c20150515$fTESTPROGRAM$fTESTPROGRAM Gold$iissue-level
=852  0\$aTESTINST1$bHDC$ctestprogram-trust
=866  30$80$ano.1(1971)-no.4(1974)

