=LDR  00704nx  a22001811n 4500
=003  TestILS
=004  991032314399703841
=007  ta
=001  221153795030003841
=008  2102185u\\\\0\\\0000ba\\\0\\\\\\
=005  20210520081218.04
=035  \\$a(OCoLC)10169780
=245  00$aCGA.
=583  \\$acommitted to retain$c20210218$d20351231$fTESTPROGRAM$fTESTPROGRAM Gold$uhttp://localhost/services/testprogram/docs/TESTPROGRAMProgramStatement.pdf
=583  \\$acompleteness reviewed$c20210218$fTESTPROGRAM$fTESTPROGRAM Gold$iissue level$lmissing issues$zmissing v.1(1967)-6(1972), 7:1-2(1973), 8:1-4(1974)
=583  \\$acondition reviewed$c20210218$fTESTPROGRAM$fTESTPROGRAM Gold$iissue level
=561  \\$aTESTINST1
=852  0\$aTESTINST1$bHDC$ctestprogram-trust$hHF5601$i.C25x
=866  30$80$a7(1973)-9, no.2(1975)

