=LDR  00789    a2200241 n 4500
=001  22829928620003841
=003  TestILS
=004  991011795609703841
=005  20210520081217.97
=007  ta
=008  1605010u\\\\0\\\0001ba\\\0\\\\\\\\\\\\\\
=014  1\$a1784008$bOCoLC
=022  \\$a0586-5581
=030  \\$aSEMYBL
=035  \\$a(OCoLC)1784008
=035  \\$a(TestILS)c13793093-01asu_inst
=245  10$aScanning electron microscopy.
=561  \\$aTESTINST1
=561  \\$aCPS
=583  \\$acommitted to retain$c20160501$dDecember 31, 2035$fTESTPROGRAM$fTESTPROGRAM Gold$uhttp://localhost/services/testprogram/docs/TESTPROGRAMProgramStatement.pdf
=583  \\$acompleteness reviewed$c20160501$fTESTPROGRAM$fTESTPROGRAM Gold$iissue-level
=583  \\$acondition reviewed$c20160501$fTESTPROGRAM$fTESTPROGRAM Gold$iissue-level
=852  0\$aTESTINST1$bHDC$ctestprogram-trust$hQH212.S3$iS9x
=866  30$80$a1(1968)-10(1977)

