=LDR  00517ny  a22001693n 4500
=003  TestILS
=004  991011638469703841
=005  20210520081217.60
=001  221156766700003841
=007  ta
=008  2011160u\\\\0\\\0000ba\\\0\\\\\\
=022  \\$a0306-2473
=035  \\$a(OCoLC)1681221
=245  04$aThe yearbook of English studies.
=561  \\$aTESTINST1
=583  \\$acommitted to retain$c20201116$d20351231$fTESTPROGRAM$fTESTPROGRAM Bronze$uhttp://localhost/services/testprogram/docs/TESTPROGRAMProgramStatement.pdf
=852  0\$aTESTINST1$bHDC$ctestprogram-trust$hPE1$i.Y43
=866  30$80$a1(1971)-2(1972), 4(1974)-41(2011)

