=LDR  00777    a2200229 n 4500
=001  22819774750003841
=003  TestILS
=004  991008735319703841
=005  20210520081217.52
=007  ta
=008  1402200u\\\\0\\\0001ba\\\0\\\\\\\\\\\\\\
=014  1\$a1021945$bOCoLC
=022  \\$a0082-2523$l0082-2523
=030  \\$aTBBMAL
=035  \\$a(OCoLC)1021945
=035  \\$a(TestILS)c13349247-01asu_inst
=245  00$aTechniques of biochemical and biophysical morphology.
=561  \\$aTESTINST1
=583  \\$acommitted to retain$c20140220$dDecember 31, 2035$fTESTPROGRAM$fTESTPROGRAM Gold$uhttp://localhost/services/testprogram/docs/TESTPROGRAMProgramStatement.pdf
=583  \\$acompleteness reviewed$c20140220$fTESTPROGRAM$fTESTPROGRAM Gold$iissue-level
=583  \\$acondition reviewed$c20140220$fTESTPROGRAM$fTESTPROGRAM Gold$iissue-level
=852  0\$aTESTINST1$bHDC$ctestprogram-trust$hQH345$i.T44
=866  30$80$a1(1972)-3(1977)

