=LDR  00728    a2200217 n 4500
=001  22924238070003841
=003  TestILS
=004  991020874519703841
=005  20210520081217.86
=007  ta
=008  1605200u\\\\0\\\0001ba\\\0\\\\\\\\\\\\\\
=014  1\$a4900095$bOCoLC
=022  \\$a0078-4354
=035  \\$a(OCoLC)4900095
=035  \\$a(TestILS)c13794760-01asu_inst
=245  00$aOklahoma data book.
=561  \\$aTESTINST1
=583  \\$acommitted to retain$c20160520$dDecember 31, 2035$fTESTPROGRAM$fTESTPROGRAM Gold$uhttp://localhost/services/testprogram/docs/TESTPROGRAMProgramStatement.pdf
=583  \\$acompleteness reviewed$c20160520$fTESTPROGRAM$fTESTPROGRAM Gold$iissue-level
=583  \\$acondition reviewed$c20160520$fTESTPROGRAM$fTESTPROGRAM Gold$iissue-level
=852  0\$aTESTINST1$bHDC$ctestprogram-trust
=866  30$80$a(1966)-(1968)

