=LDR  00795ny  a22002173n 4500
=001  22822449960003841
=003  TestILS
=004  991032330489703841
=005  20210520081218.04
=007  ta
=008  1705080u\\\\0\\\0001ba\\\0\\\\\\\\\\\\\\
=014  1\$a10366267$bOCoLC
=030  \\$aREDEEA
=035  \\$a(OCoLC)10366267
=035  \\$a(TestILS)c14148134-01asu_inst
=245  10$aResearch & development.
=561  \\$aTESTINST1
=583  \\$acommitted to retain$c20170508$dDecember 31, 2035$fTESTPROGRAM$fTESTPROGRAM Silver$uhttp://localhost/services/testprogram/docs/TESTPROGRAMProgramStatement.pdf
=583  \\$acompleteness reviewed$c20170508$fTESTPROGRAM$fTESTPROGRAM Silver$ivolume-level$lmissing volumes$zmissing .27:11, v.31:9-12, v.43:6
=852  0\$aTESTINST1$bHDC$ctestprogram-trust$hT175$i.I49x
=866  30$80$a26(1984)-44, no.6(2002)
=867  30$80$a26(1984), 30(1988), 34(1992)-44, no.6(2002)

