=LDR  00865ny  a22002293n 4500
=001  22969886630003841
=003  TestILS
=004  991020820739703841
=005  20210520081217.84
=007  ta
=008  1306130u\\\\0\\\0001ba\\\0\\\\\\\\\\\\\\
=014  1\$a4353174$bOCoLC
=022  0\$a0163-5182
=030  \\$aPHFSDQ
=035  \\$a(OCoLC)4353174
=035  \\$a(TestILS)c13185305-01asu_inst
=245  10$aProceedings of the Human Factors Society annual meeting.
=561  \\$aTESTINST1
=561  \\$aOKU
=583  \\$acommitted to retain$c20130613$dDecember 31, 2035$fTESTPROGRAM$fTESTPROGRAM Silver$uhttp://localhost/services/testprogram/docs/TESTPROGRAMProgramStatement.pdf
=583  \\$acompleteness reviewed$c20130613$fTESTPROGRAM$fTESTPROGRAM Silver$ivolume-level$lmissing volumes$zmissing no. 20, 22, 25$lbinding patterns vary$zfor nos. 29-36, issues 1-2 bound separately
=852  0\$aTESTINST1$bHDC$ctestprogram-trust
=866  30$80$ano.18(1974)-19(1975), 21(1977), 23(1979)-24(1980), 26(1982)-36(1992)

