=LDR  00659nx  a22001931n 4500
=003  TestILS
=004  991011454599703841
=007  ta
=001  221068529570003841
=008  1805165u\\\\0\\\0000ba\\\0\\\\\\
=005  20210520081217.71
=022  \\$a0567-7815
=035  \\$a(OCoLC)1460929
=245  00$aActa microbiologica Polonica.$nSeries A,$pMicrobiologia generalis.
=583  \\$acommitted to retain$c20180523$dDecember 31, 2035$fTESTPROGRAM$fTESTPROGRAM Gold$uhttp://localhost/services/testprogram/docs/TESTPROGRAMProgramStatement.pdf
=583  \\$acompleteness reviewed$c20180523$fTESTPROGRAM$fTESTPROGRAM Gold$iissue level
=583  \\$acondition reviewed$c20180523$fTESTPROGRAM$fTESTPROGRAM Gold$iissue level
=561  \\$aTESTINST1
=852  0\$aTESTINST1$bHDC$ctestprogram-trust$hQR1 .A36
=866  30$80$a1(1952)-24(1975)

