=LDR  00632nx  a22001931n 4500
=003  TestILS
=004  991018744239703841
=007  ta
=001  221067304130003841
=008  1805140u\\\\0\\\0000ba\\\0\\\\\\
=005  20210520081217.64
=022  \\$a0378-651X
=035  \\$a(OCoLC)3411611
=245  00$aFinancial market trends.
=583  \\$acommitted to retain$c20180514$dDecember 31, 2035$fTESTPROGRAM$fTESTPROGRAM Silver$uhttp://localhost/services/testprogram/docs/TESTPROGRAMProgramStatement.pdf
=583  \\$acompleteness reviewed$c20180514$fTESTPROGRAM$fTESTPROGRAM Silver$ivolume level
=561  \\$aTESTINST1
=852  0\$aTESTINST1$bHDC$ctestprogram-trust$hHG3881 .F49x
=866  30$80$ano.0(1977)-89(2005)
=867  30$80$ano.87-89 2004-05

