=LDR  00693nx  a22001811n 4500
=003  TestILS
=004  991033883299703841
=007  ta
=001  221165006410003841
=008  2104260u\\\\0\\\0000ba\\\0\\\\\\
=005  20210520081218.00
=035  \\$a(OCoLC)10935656
=245  00$aFocus on family and chemical dependency.
=583  \\$acommitted to retain$c20210426$d20351231$fTESTPROGRAM$fTESTPROGRAM Gold$uhttp://localhost/services/testprogram/docs/TESTPROGRAMProgramStatement.pdf
=583  \\$acompleteness reviewed$c20210426$fTESTPROGRAM$fTESTPROGRAM Gold$iissue level$lmissing issues$zmissing v.6:5-6(1983), v.7(1984), v.9:4-5(1986)
=583  \\$acondition reviewed$c20210426$fTESTPROGRAM$fTESTPROGRAM Gold$iissue level
=561  \\$aTESTINST1
=852  0\$aTESTINST1$bHDC$ctestprogram-trust$hHV5800$i.F6x
=866  30$80$a8(1985)-9(1986)

