=LDR  00654nx  a22001811n 4500
=003  TestILS
=004  991011666679703841
=007  ta
=001  221064212000003841
=008  1804300u\\\\0\\\0000ba\\\0\\\\\\
=005  20210520081218.11
=022  \\$a0017-2553
=035  \\$a(OCoLC)1751350
=245  00$aGourmet.
=583  \\$acommitted to retain$c20180430$dDecember 31, 2035$fTESTPROGRAM$fTESTPROGRAM Silver$uhttp://localhost/services/testprogram/docs/TESTPROGRAMProgramStatement.pdf
=583  \\$acompleteness reviewed$c20180430$fTESTPROGRAM$fTESTPROGRAM Silver$ivolume level$lmissing volumes$zmissing v.2:JAN; v.44:1-6; v.49:10-12; v.52:11
=561  \\$aTESTINST1
=852  0\$aTESTINST1$bHDC$ctestprogram-trust$hTX1 .G75
=866  30$80$a1(1941)-65(2005)

