=LDR  00713nx  a22001811n 4500
=003  TestILS
=004  991011618259703841
=007  ta
=001  221067289100003841
=008  1805140u\\\\0\\\0000ba\\\0\\\\\\
=005  20210520081217.91
=022  \\$a0021-9770
=035  \\$a(OCoLC)1641991
=245  00$aJournal of college placement.
=583  \\$acommitted to retain$c20180514$dDecember 31, 2035$fTESTPROGRAM$fTESTPROGRAM Silver$uhttp://localhost/services/testprogram/docs/TESTPROGRAMProgramStatement.pdf
=583  \\$acompleteness reviewed$c20180514$fTESTPROGRAM$fTESTPROGRAM Silver$ivolume level$lmissing volumes$zmissing v.17; v.20:3-4; v.21:4; v.22:4; v.23:2-3; v.33
=561  \\$aTESTINST1
=852  0\$aTESTINST1$bHDC$ctestprogram-trust$hLB2343.5$i.A15
=866  30$80$a12, no.3(1951)-16(1956), 18(1957)-32(1972), 34(1973)-45(1985)

