=LDR  00659nx  a22001931n 4500
=003  TestILS
=004  991033876149703841
=007  ta
=001  221134608780003841
=008  1912315u\\\\0\\\0000ba\\\0\\\\\\
=005  20210520081218.00
=022  \\$a0000-0787
=035  \\$a(OCoLC)10808282
=245  04$aThe Book publishing annual /$cby the Book Division, R.R. Bowker Company, in collaboration with the staff of Publishers weekly.
=583  \\$acommitted to retain$c20191231$dDecember 31, 2035$fTESTPROGRAM$fTESTPROGRAM Gold$uhttp://localhost/services/testprogram/docs/TESTPROGRAMProgramStatement.pdf
=583  \\$acompleteness reviewed$c20191231$fTESTPROGRAM$fTESTPROGRAM Gold$iissue level
=583  \\$acondition reviewed$c20191231$fTESTPROGRAM$fTESTPROGRAM Gold$iissue level
=561  \\$aTESTINST1
=852  0\$aTESTINST1$bHDC$ctestprogram-trust$hZ477$i.P96
=866  30$80$a(1984)-(1985)

