=LDR  00663ny  a22002053n 4500
=001  22922731320003841
=003  TestILS
=004  991046495159703841
=005  20210520081217.73
=007  ta
=008  1206010u\\\\0\\\0001ba\\\0\\\\\\\\\\\\\\
=014  1\$a1565785$bOCoLC
=022  \\$a0011-5266
=035  \\$a(OCoLC)1565785
=035  \\$a(TestILS)c12791131-01asu_inst
=245  10$aDaedalus :$bproceedings of the American Academy of Arts and Sciences.
=561  \\$aTESTINST1
=583  \\$acommitted to retain$c20120601$dDecember 31, 2035$fTESTPROGRAM$fTESTPROGRAM Silver$uhttp://localhost/services/testprogram/docs/TESTPROGRAMProgramStatement.pdf
=583  \\$acompleteness reviewed$c20120601$fTESTPROGRAM$fTESTPROGRAM Silver$ivolume-level
=852  0\$aTESTINST1$bHDC$ctestprogram-trust
=866  30$80$a86(1955)-134(2005)

