=LDR  00755ny  a22002053n 4500
=001  22831509950003841
=003  TestILS
=004  991014230529703841
=005  20210520081218.16
=007  ta
=008  1404160u\\\\0\\\0001ba\\\0\\\\\\\\\\\\\\
=014  1\$a2821093$bOCoLC
=022  0\$a0739-148X
=035  \\$a(OCoLC)2821093
=035  \\$a(TestILS)c13401610-01asu_inst
=245  10$aIllinois teacher of home economics.
=561  \\$aTESTINST1
=583  \\$acommitted to retain$c20140416$dDecember 31, 2035$fTESTPROGRAM$fTESTPROGRAM Silver$uhttp://localhost/services/testprogram/docs/TESTPROGRAMProgramStatement.pdf
=583  \\$acompleteness reviewed$c20140416$fTESTPROGRAM$fTESTPROGRAM Silver$ivolume-level$lbinding patterns vary$zfor vols. 20-21, 22-23, 29-30, 32-34 bound together as single pieces
=852  0\$aTESTINST1$bHDC$ctestprogram-trust
=866  30$80$a17(1973)-34(1991)

