=LDR  00652nx  a22001931n 4500
=003  TestILS
=004  991016543399703841
=007  ta
=001  221155098430003841
=008  2104185u\\\\0\\\0000ba\\\0\\\\\\
=005  20210520081218.18
=022  \\$a0885-7520
=035  \\$a(OCoLC)3281344
=245  00$aModern British literature.
=583  \\$acommitted to retain$c20210418$d20351231$fTESTPROGRAM$fTESTPROGRAM Gold$uhttp://localhost/services/testprogram/docs/TESTPROGRAMProgramStatement.pdf
=583  \\$acompleteness reviewed$c20210418$fTESTPROGRAM$fTESTPROGRAM Gold$iissue level
=583  \\$acondition reviewed$c20210418$fTESTPROGRAM$fTESTPROGRAM Gold$iissue level
=561  \\$aTESTINST1
=852  0\$aTESTINST1$bHDC$ctestprogram-trust$hPR471$i.M5x
=866  30$80$a1(1976)-5(1980)

