=LDR  00753ny  a22002173n 4500
=001  22899063240003841
=003  TestILS
=004  991011630999703841
=005  20210520081217.91
=007  ta
=008  1205230u\\\\0\\\0001ba\\\0\\\\\\\\\\\\\\
=014  1\$a1645286$bOCoLC
=022  0\$a0030-8684
=035  \\$a(OCoLC)1645286
=035  \\$a(TestILS)c12790515-01asu_inst
=245  00$aPacific historical review.
=561  \\$aTESTINST1
=583  \\$acommitted to retain$c20120523$dDecember 31, 2035$fTESTPROGRAM$fTESTPROGRAM Silver$uhttp://localhost/services/testprogram/docs/TESTPROGRAMProgramStatement.pdf
=583  \\$acompleteness reviewed$c20120523$fTESTPROGRAM$fTESTPROGRAM Silver$ivolume-level$lbinding patterns vary$zvol. 25-26 bound as single unit
=852  0\$aTESTINST1$bHDC$ctestprogram-trust
=866  30$80$a1(1932)-74(2005)
=868  30$80$a1(1932)-43(1974)

