=LDR  00859    a2200229 n 4500
=001  22952562750003841
=003  TestILS
=004  991017094849703841
=005  20210520081218.18
=007  ta
=008  1605010u\\\\0\\\0001ba\\\0\\\\\\\\\\\\\\
=014  1\$a1590827$bOCoLC
=022  \\$a0017-3185
=035  \\$a(OCoLC)1590827
=035  \\$a(TestILS)c13785564-01asu_inst
=245  00$6880-02$aGrani.
=561  \\$aTESTINST1
=583  \\$acommitted to retain$c20160501$dDecember 31, 2035$fTESTPROGRAM$fTESTPROGRAM Gold$uhttp://localhost/services/testprogram/docs/TESTPROGRAMProgramStatement.pdf
=583  \\$acompleteness reviewed$c20160501$fTESTPROGRAM$fTESTPROGRAM Gold$iissue-level$lmissing issues$zmissing no.22-62
=583  \\$acondition reviewed$c20160501$fTESTPROGRAM$fTESTPROGRAM Gold$iissue-level$lmissing covers$zno.13 missing cover
=852  0\$aTESTINST1$bHDC$ctestprogram-trust
=866  30$80$a1(1946)-21(1954), 63(1967)-216(2005)
=867  30$80$a1(1946)-100(1976)

