=LDR  00825ny  a22002053n 4500
=001  22948680780003841
=003  TestILS
=004  991011697839703841
=005  20210520081217.86
=007  ta
=008  1206190u\\\\0\\\0001ba\\\0\\\\\\\\\\\\\\
=014  1\$a1757434$bOCoLC
=022  0\$a0544-0750
=035  \\$a(OCoLC)1757434
=035  \\$a(TestILS)c12805750-01asu_inst
=245  00$aMidwest folklore.
=561  \\$aTESTINST1
=583  \\$acommitted to retain$c20120619$dDecember 31, 2035$fTESTPROGRAM$fTESTPROGRAM Silver$uhttp://localhost/services/testprogram/docs/TESTPROGRAMProgramStatement.pdf
=583  \\$acompleteness reviewed$c20120619$fTESTPROGRAM$fTESTPROGRAM Silver$ivolume-level$lmissing volumes$zmissing vol. 1(1951), 6(1956)-7(1957)$lbinding patterns vary$zfor vol. 8-9 & 11-12, 2 volumes bound in single units
=852  0\$aTESTINST1$bHDC$ctestprogram-trust$hGR109$i.M5
=866  30$80$a2(1952), 5(1955), 8(1958)-13(1964)

