=LDR  00724    a2200217 n 4500
=001  22828188820003841
=003  TestILS
=004  991002475879703841
=005  20210520081218.08
=007  ta
=008  1408200u\\\\0\\\0001ba\\\0\\\\\\\\\\\\\\
=014  1\$a35203292$bOCoLC
=022  0\$a1090-0969
=035  \\$a(OCoLC)35203292
=035  \\$a(TestILS)c13502414-01asu_inst
=245  00$aMedia management review.
=561  \\$aTESTINST1
=583  \\$acommitted to retain$c20140820$dDecember 31, 2035$fTESTPROGRAM$fTESTPROGRAM Gold$uhttp://localhost/services/testprogram/docs/TESTPROGRAMProgramStatement.pdf
=583  \\$acompleteness reviewed$c20140820$fTESTPROGRAM$fTESTPROGRAM Gold$iissue-level
=583  \\$acondition reviewed$c20140820$fTESTPROGRAM$fTESTPROGRAM Gold$iissue-level
=852  0\$aTESTINST1$bHDC$ctestprogram-trust
=866  30$80$a1(1997)

