=LDR  00740    a2200217 n 4500
=001  22968690620003841
=003  TestILS
=004  991011480199703841
=005  20210520081217.68
=007  ta
=008  1705080u\\\\0\\\0001ba\\\0\\\\\\\\\\\\\\
=014  1\$a1481434$bOCoLC
=022  \\$a0066-2356
=035  \\$a(OCoLC)1481434
=035  \\$a(TestILS)c14125055-01asu_inst
=245  12$aL'Année politique.
=561  \\$aTESTINST1
=583  \\$acommitted to retain$c20170508$dDecember 31, 2035$fTESTPROGRAM$fTESTPROGRAM Gold$uhttp://localhost/services/testprogram/docs/TESTPROGRAMProgramStatement.pdf
=583  \\$acompleteness reviewed$c20170508$fTESTPROGRAM$fTESTPROGRAM Gold$iissue-level
=583  \\$acondition reviewed$c20170508$fTESTPROGRAM$fTESTPROGRAM Gold$iissue-level
=852  0\$aTESTINST1$bHDC$ctestprogram-trust$hDC398$i.A6
=866  30$80$a(1944)-(1962)

