=LDR  00742nx  a22001811n 4500
=003  TestILS
=004  991025075389703841
=007  ta
=001  221155040000003841
=008  2104185u\\\\0\\\0000ba\\\0\\\\\\
=005  20210520081217.43
=035  \\$a(OCoLC)6163337
=245  00$aBuilding standards monthly.
=583  \\$acommitted to retain$c20210418$d20351231$fTESTPROGRAM$fTESTPROGRAM Gold$uhttp://localhost/services/testprogram/docs/TESTPROGRAMProgramStatement.pdf
=583  \\$acompleteness reviewed$c20210418$fTESTPROGRAM$fTESTPROGRAM Gold$iissue level$lbinding patterns vary$zv.38:1-2(1969) bound with later title$lmissing issues$zmissing v.4:8(1935)-33(1964/65)
=583  \\$acondition reviewed$c20210418$fTESTPROGRAM$fTESTPROGRAM Gold$iissue level
=561  \\$aTESTINST1
=852  0\$aTESTINST1$bHDC$ctestprogram-trust$hTH1$i.P3
=866  30$80$a34(1965)-38, no.2(1969)

