=LDR  00733ny  a22002173n 4500
=001  22926940340003841
=003  TestILS
=004  991014205909703841
=005  20210520081218.15
=007  ta
=008  1206180u\\\\0\\\0001ba\\\0\\\\\\\\\\\\\\
=014  1\$a2617414$bOCoLC
=022  \\$a0036-4452
=035  \\$a(OCoLC)2617414
=035  \\$a(TestILS)c12794223-01asu_inst
=245  00$aSankhyā;$bthe Indian journal of statistics.
=561  \\$aTESTINST1
=561  \\$aCIT
=583  \\$acommitted to retain$c20120618$dDecember 31, 2035$fTESTPROGRAM$fTESTPROGRAM Silver$uhttp://localhost/services/testprogram/docs/TESTPROGRAMProgramStatement.pdf
=583  \\$acompleteness reviewed$c20120618$fTESTPROGRAM$fTESTPROGRAM Silver$ivolume-level$lmissing volumes$zmissing vol.20
=852  0\$aTESTINST1$bHDC$ctestprogram-trust
=866  30$80$a1(1933)-19(1958), 21(1959)-22(1960)

