=LDR  00718ny  a22002173n 4500
=001  22928805020003841
=003  TestILS
=004  991003527069703841
=005  20210520081218.09
=007  ta
=008  1605090u\\\\0\\\0001ba\\\0\\\\\\\\\\\\\\
=014  1\$a27344595$bOCoLC
=022  \\$a0926-6801
=030  \\$aJHSNEB
=035  \\$a(OCoLC)27344595
=035  \\$a(TestILS)c1379405x-01asu_inst
=245  00$aJournal of high speed networks.
=561  \\$aTESTINST1
=583  \\$acommitted to retain$c20160509$dDecember 31, 2035$fTESTPROGRAM$fTESTPROGRAM Silver$uhttp://localhost/services/testprogram/docs/TESTPROGRAMProgramStatement.pdf
=583  \\$acompleteness reviewed$c20160509$fTESTPROGRAM$fTESTPROGRAM Silver$ivolume-level$lmissing volumes$zmissing v.1-6
=852  0\$aTESTINST1$bHDC$ctestprogram-trust
=866  30$80$a7(1998)-14(2005)

