=LDR  00727    a2200217 n 4500
=001  22915466860003841
=003  TestILS
=004  991016511619703841
=005  20210520081218.10
=007  ta
=008  1401060u\\\\0\\\0001ba\\\0\\\\\\\\\\\\\\
=014  1\$a2869204$bOCoLC
=035  \\$a(OCoLC)2869204
=035  \\$a(TestILS)c13303740-01asu_inst
=245  00$aVoix et images du pays.
=561  \\$aTESTINST1
=561  \\$aORZ
=583  \\$acommitted to retain$c20140106$dDecember 31, 2035$fTESTPROGRAM$fTESTPROGRAM Gold$uhttp://localhost/services/testprogram/docs/TESTPROGRAMProgramStatement.pdf
=583  \\$acompleteness reviewed$c20140106$fTESTPROGRAM$fTESTPROGRAM Gold$iissue-level
=583  \\$acondition reviewed$c20140106$fTESTPROGRAM$fTESTPROGRAM Gold$iissue-level
=852  0\$aTESTINST1$bHDC$ctestprogram-trust
=866  30$80$ano.1(1970)-9(1975)

