=LDR  00836    a2200241 n 4500
=001  22951075020003841
=003  TestILS
=004  991011681999703841
=005  20210520081218.12
=007  ta
=008  1401170u\\\\0\\\0001ba\\\0\\\\\\\\\\\\\\
=014  1\$a1754013$bOCoLC
=022  \\$a0075-1391
=035  \\$a(OCoLC)1754013
=035  \\$a(TestILS)c13381349-01asu_inst
=245  00$aIsrael studies in criminology /$cInstitute of Criminology and Criminal Law, Tel-Aviv University.
=561  \\$aTESTINST1
=561  \\$aCUS
=561  \\$aORZ
=583  \\$acommitted to retain$c20140117$dDecember 31, 2035$fTESTPROGRAM$fTESTPROGRAM Gold$uhttp://localhost/services/testprogram/docs/TESTPROGRAMProgramStatement.pdf
=583  \\$acompleteness reviewed$c20140117$fTESTPROGRAM$fTESTPROGRAM Gold$iissue-level$lmissing volumes$zmissing vol. 3
=583  \\$acondition reviewed$c20140117$fTESTPROGRAM$fTESTPROGRAM Gold$iissue-level
=852  0\$aTESTINST1$bHDC$ctestprogram-trust$hHV7131.I8$iI85
=866  30$80$a1(1970)-2(1972), 4(1976)-9(2005)

