=LDR  00678ny  a22002053n 4500
=001  22938947500003841
=003  TestILS
=004  991009399289703841
=005  20210520081217.96
=007  ta
=008  1306030u\\\\0\\\0001ba\\\0\\\\\\\\\\\\\\
=014  1\$a39673777$bOCoLC
=022  0\$a1521-0987
=035  \\$a(OCoLC)39673777
=035  \\$a(TestILS)c13182705-01asu_inst
=245  00$aCare management journals :$bJournal of case management : the journal of long term home health care.
=561  \\$aTESTINST1
=583  \\$acommitted to retain$c20130603$dDecember 31, 2035$fTESTPROGRAM$fTESTPROGRAM Silver$uhttp://localhost/services/testprogram/docs/TESTPROGRAMProgramStatement.pdf
=583  \\$acompleteness reviewed$c20130603$fTESTPROGRAM$fTESTPROGRAM Silver$ivolume-level
=852  0\$aTESTINST1$bHDC$ctestprogram-trust$hRA645.3$i.C34x
=866  30$80$a1(1999)-6(2005)

