=LDR  00702nx  a22001811n 4500
=003  TestILS
=004  991035478999703841
=007  ta
=001  221147868170003841
=008  2006305u\\\\0\\\0000ba\\\0\\\\\\
=005  20210520081218.01
=035  \\$a(OCoLC)11876582
=245  10$aEtudes vietnamiennes.
=583  \\$acommitted to retain$c20200630$dDecember 31, 2035$fTESTPROGRAM$fTESTPROGRAM Gold$uhttp://localhost/services/testprogram/docs/TESTPROGRAMProgramStatement.pdf
=583  \\$acompleteness reviewed$c20200630$fTESTPROGRAM$fTESTPROGRAM Gold$iissue level$lmissing issues$zmissing no.1-66, 68-88, 93-169
=583  \\$acondition reviewed$c20200630$fTESTPROGRAM$fTESTPROGRAM Gold$iissue level
=561  \\$aTESTINST1
=852  0\$aTESTINST1$bHDC$ctestprogram-trust$hDS556$i.V5814x
=866  30$80$ano.67(1981), 89(1987)-92(1989)

