=LDR  00754    a2200229 n 4500
=001  22886625260003841
=003  TestILS
=004  991011910079703841
=005  20210520081217.89
=007  ta
=008  1505150u\\\\0\\\0001ba\\\0\\\\\\\\\\\\\\
=014  1\$a2246448$bOCoLC
=022  0\$a0361-218X
=035  \\$a(OCoLC)2246448
=035  \\$a(TestILS)c13598685-01asu_inst
=245  10$aWorldwide lodging industry.$pAnnual report on international hotel operations.
=561  \\$aTESTINST1
=561  \\$aORZ
=583  \\$acommitted to retain$c20150515$dDecember 31, 2035$fTESTPROGRAM$fTESTPROGRAM Gold$uhttp://localhost/services/testprogram/docs/TESTPROGRAMProgramStatement.pdf
=583  \\$acompleteness reviewed$c20150515$fTESTPROGRAM$fTESTPROGRAM Gold$iissue-level
=583  \\$acondition reviewed$c20150515$fTESTPROGRAM$fTESTPROGRAM Gold$iissue-level
=852  0\$aTESTINST1$bHDC$ctestprogram-trust
=866  30$80$ano.5(1975)-15(1985)

