=LDR  00724    a2200217 n 4500
=001  22846822750003841
=003  TestILS
=004  991044286969703841
=005  20210520081217.51
=007  ta
=008  1705080u\\\\0\\\0001ba\\\0\\\\\\\\\\\\\\
=014  1\$a36204897$bOCoLC
=022  0\$a1092-3357
=035  \\$a(OCoLC)36204897
=035  \\$a(TestILS)c14147592-01asu_inst
=245  00$aVirgin Islands handbook.
=561  \\$aTESTINST1
=583  \\$acommitted to retain$c20170508$dDecember 31, 2035$fTESTPROGRAM$fTESTPROGRAM Gold$uhttp://localhost/services/testprogram/docs/TESTPROGRAMProgramStatement.pdf
=583  \\$acompleteness reviewed$c20170508$fTESTPROGRAM$fTESTPROGRAM Gold$iissue-level
=583  \\$acondition reviewed$c20170508$fTESTPROGRAM$fTESTPROGRAM Gold$iissue-level
=852  0\$aTESTINST1$bHDC$ctestprogram-trust
=866  30$80$a1(1997)

