=LDR  01247    a2200241 n 4500
=001  22904290100003841
=003  TestILS
=004  991011628339703841
=005  20210520081217.91
=007  ta
=008  1605010u\\\\0\\\0001ba\\\0\\\\\\\\\\\\\\
=014  1\$a1644530$bOCoLC
=022  0\$a0031-4676
=035  \\$a(OCoLC)1644530
=035  \\$a(TestILS)c13788322-01asu_inst
=245  00$aPennsylvania school journal.
=561  \\$aTESTINST1
=561  \\$aKKS
=561  \\$aORZ
=583  \\$acommitted to retain$c20160501$dDecember 31, 2035$fTESTPROGRAM$fTESTPROGRAM Gold$uhttp://localhost/services/testprogram/docs/TESTPROGRAMProgramStatement.pdf
=583  \\$acompleteness reviewed$c20160501$fTESTPROGRAM$fTESTPROGRAM Gold$iissue-level$lmissing volumes$zmissing v.3-4, 11-19, 22, 24-25, 29-52, 54, 66-72, 74-77, 79-97$lmissing issues$zmissing v.26:1-5; v.27:4; 28:2; v.52:1-8,10-12; v.55:1-7,9,11-12; v.56:1-5,7,9-12; v.57:7; v.58:1,3.6,8,11; v.59:6,8,11-12; v.60:1-3,5-6,8,10-12; v.61:1-4; v.62:8,10-11; v.63:1-2,4,11; v.64:5-7,9-10; v.65:4,7-12; v.73:1,3-12; v.78:1,3-12
=583  \\$acondition reviewed$c20160501$fTESTPROGRAM$fTESTPROGRAM Gold$iissue-level
=852  0\$aTESTINST1$bHDC$ctestprogram-trust
=866  30$80$a1, no.7(1852)-2(1853), 5(1856)-10(1862), 20(1871)-21(1872), 23(1874),26(1878)-28(1879), 53(1905), 55(1907)-65(1916), 73(1924), 78(1929), 98(1949)-120(1972)

