=LDR  00767    a2200229 n 4500
=001  22877067310003841
=003  TestILS
=004  991011579919703841
=005  20210520081217.79
=007  ta
=008  1605090u\\\\0\\\0001ba\\\0\\\\\\\\\\\\\\
=014  1\$a1590067$bOCoLC
=022  \\$a0018-1587
=035  \\$a(OCoLC)1590067
=035  \\$a(TestILS)c13794243-01asu_inst
=245  00$aHigher education and research in the Netherlands.
=561  \\$aTESTINST1
=583  \\$acommitted to retain$c20160509$dDecember 31, 2035$fTESTPROGRAM$fTESTPROGRAM Gold$uhttp://localhost/services/testprogram/docs/TESTPROGRAMProgramStatement.pdf
=583  \\$acompleteness reviewed$c20160509$fTESTPROGRAM$fTESTPROGRAM Gold$iissue-level
=583  \\$acondition reviewed$c20160509$fTESTPROGRAM$fTESTPROGRAM Gold$iissue-level
=852  0\$aTESTINST1$bHDC$ctestprogram-trust
=866  30$80$a1(1957)-25(1981)
=868  30$80$a6(1962)-10(1966)

