=LDR  00656nx  a22001931n 4500
=003  TestILS
=004  991030598259703841
=007  ta
=001  221134608770003841
=008  1912315u\\\\0\\\0000ba\\\0\\\\\\
=005  20210520081217.58
=022  \\$a0000-0469
=035  \\$a(OCoLC)9604938
=245  00$aPublishers weekly yearbook /$cby the staff of Publishers weekly in collaboration with the Book Division, R.R. Bowker Company.
=583  \\$acommitted to retain$c20191231$dDecember 31, 2035$fTESTPROGRAM$fTESTPROGRAM Gold$uhttp://localhost/services/testprogram/docs/TESTPROGRAMProgramStatement.pdf
=583  \\$acompleteness reviewed$c20191231$fTESTPROGRAM$fTESTPROGRAM Gold$iissue level
=583  \\$acondition reviewed$c20191231$fTESTPROGRAM$fTESTPROGRAM Gold$iissue level
=561  \\$aTESTINST1
=852  0\$aTESTINST1$bHDC$ctestprogram-trust$hZ477$i.P96
=866  30$80$ano. 1(1983)

