=LDR  00699nx  a22001931n 4500
=003  TestILS
=004  991018867659703841
=007  ta
=001  221128983750003841
=008  1908165u\\\\0\\\0000ba\\\0\\\\\\
=005  20210520081217.72
=022  \\$a0196-6545
=035  \\$a(OCoLC)4171465
=245  10$aDirectory of the American Psychological Association.
=583  \\$acommitted to retain$c20190923$dDecember 31, 2035$fTESTPROGRAM$fTESTPROGRAM Gold$uhttp://localhost/services/testprogram/docs/TESTPROGRAMProgramStatement.pdf
=583  \\$acompleteness reviewed$c20190923$fTESTPROGRAM$fTESTPROGRAM Gold$iissue level
=583  \\$acondition reviewed$c20190923$fTESTPROGRAM$fTESTPROGRAM Gold$iissue level
=561  \\$aTESTINST1
=852  0\$aTESTINST1$bHDC$ctestprogram-trust$hBF11$i.A67
=866  30$80$a(1978), (1981), (1985), (1989), (1993), (1997), (2001)

