=LDR  00807ny  a22002293n 4500
=001  22967233180003841
=003  TestILS
=004  991011744899703841
=005  20210520081217.48
=007  ta
=008  1306120u\\\\0\\\0001ba\\\0\\\\\\\\\\\\\\
=014  1\$a1767648$bOCoLC
=022  0\$a0082-5433
=035  \\$a(OCoLC)1767648
=035  \\$a(TestILS)c13184969-01asu_inst
=245  00$6880-01$aTong bao.$bT'oung pao.
=561  \\$aTESTINST1
=561  \\$aUUM
=583  \\$acommitted to retain$c20130612$dDecember 31, 2035$fTESTPROGRAM$fTESTPROGRAM Silver$uhttp://localhost/services/testprogram/docs/TESTPROGRAMProgramStatement.pdf
=583  \\$acompleteness reviewed$c20130612$fTESTPROGRAM$fTESTPROGRAM Silver$ivolume-level$lmissing volumes$zmissing ser. 2 vols. 34-46
=852  0\$aTESTINST1$bHDC$ctestprogram-trust
=866  30$80$a1(1890)-10(1899); ser.2, 1(1906)-33(1937), 47(1959)-92(2005)
=868  30$80$a56(1970)-84(1998)

