=LDR  00628    a2200205 n 4500
=001  22930428460003841
=003  TestILS
=004  991011767559703841
=005  20210520081217.56
=007  ta
=008  1505290u\\\\0\\\0001ba\\\0\\\\\\\\\\\\\\
=014  1\$a1775582$bOCoLC
=022  \\$a0047-3928
=022  0\$a0047-3928
=035  \\$a(OCoLC)1775582
=035  \\$a(TestILS)c13606542-01asu_inst
=245  04$aThe Lambda Alpha journal of man.
=561  \\$aTESTINST1
=583  \\$acommitted to retain$c20130614$dDecember 31, 2035$fTESTPROGRAM$fTESTPROGRAM Bronze$uhttp://localhost/services/testprogram/docs/TESTPROGRAMProgramStatement.pdf
=852  0\$aTESTINST1$bHDC$ctestprogram-trust
=866  30$80$a1(1969)-6(1974), 8(1977)-19(1987/1988)

