=LDR  00697nx  a22001931n 4500
=003  TestILS
=004  991028921629703841
=007  ta
=001  221065898190003841
=008  1805040u\\\\0\\\0000ba\\\0\\\\\\
=005  20210520081218.20
=022  \\$a0745-2489
=035  \\$a(OCoLC)8597853
=245  10$aSuccess.
=583  \\$acommitted to retain$c20180504$dDecember 31, 2035$fTESTPROGRAM$fTESTPROGRAM Silver$uhttp://localhost/services/testprogram/docs/TESTPROGRAMProgramStatement.pdf
=583  \\$acompleteness reviewed$c20180504$fTESTPROGRAM$fTESTPROGRAM Silver$ivolume level$lmissing volumes$zmissing v.28:8; v.v.31; 33:1; v.41-48
=561  \\$aTESTINST1
=852  0\$aTESTINST1$bHDC$ctestprogram-trust$hHF5001 .S92x
=866  30$80$a28(1981)-30(1983), 32(1985)-39(1992)
=867  30$80$a35(1988)

