=LDR  00717nx  a22001931n 4500
=003  TestILS
=004  991037331529703841
=007  ta
=001  221148329960003841
=008  2006305u\\\\0\\\0000ba\\\0\\\\\\
=005  20210520081218.00
=022  \\$a2156-5139
=035  \\$a(OCoLC)647206447
=245  00$aPoder hispanic.
=583  \\$acommitted to retain$c20200630$dDecember 31, 2035$fTESTPROGRAM$fTESTPROGRAM Gold$uhttp://localhost/services/testprogram/docs/TESTPROGRAMProgramStatement.pdf
=583  \\$acompleteness reviewed$c20200630$fTESTPROGRAM$fTESTPROGRAM Gold$iissue level$lmissing issues$zmissing no.75(2010)-97(2014)
=583  \\$acondition reviewed$c20200630$fTESTPROGRAM$fTESTPROGRAM Gold$iissue level
=561  \\$aTESTINST1
=852  0\$aTESTINST1$bHDC$ctestprogram-trust$hE184.S75$iH45x
=866  30$80$ano.75(2010)-97(2014)

