=LDR  00698nx  a22001931n 4500
=003  TestILS
=004  991016551059703841
=007  ta
=001  221148379760003841
=008  2006305u\\\\0\\\0000ba\\\0\\\\\\
=005  20210520081218.18
=022  \\$a0890-4359
=035  \\$a(OCoLC)3394228
=245  00$aPaper air.
=583  \\$acommitted to retain$c20200630$dDecember 31, 2035$fTESTPROGRAM$fTESTPROGRAM Gold$uhttp://localhost/services/testprogram/docs/TESTPROGRAMProgramStatement.pdf
=583  \\$acompleteness reviewed$c20200630$fTESTPROGRAM$fTESTPROGRAM Gold$iissue level$lmissing issues$zmissing v.4:3(1990)
=583  \\$acondition reviewed$c20200630$fTESTPROGRAM$fTESTPROGRAM Gold$iissue level
=561  \\$aTESTINST1
=852  0\$aTESTINST1$bHDC$ctestprogram-trust$hPS615$i.P3x
=866  30$80$a1(1976)-4(1989)

