=LDR  00944nx  a22001931n 4500
=003  TestILS
=004  991011711379703841
=007  ta
=001  221153823440003841
=008  2105065u\\\\0\\\0000ba\\\0\\\\\\
=005  20210520081217.87
=022  \\$a0030-5278
=035  \\$a(OCoLC)1761503
=245  10$aOriental art.
=583  \\$acommitted to retain$c20210506$d20351231$fTESTPROGRAM$fTESTPROGRAM Gold$uhttp://localhost/services/testprogram/docs/TESTPROGRAMProgramStatement.pdf
=583  \\$acompleteness reviewed$c20210506$fTESTPROGRAM$fTESTPROGRAM Gold$iissue level$lreprints$zv.1(1948)-3(1951), n.s. v.1(1955)-6(1960), n.s. v.14(1968)-15(1969) reprinted$lmissing pages$zv.9:4(1963) missing pages$lmissing issues$zmissing n.s. v.14:3(1968), n.s. v.40:4(1994/95), n.s. v.46:3-5(2000), v.47:5(2001/02), n.s. v.50:1(2004), n.s. v.51:1(2015)
=583  \\$acondition reviewed$c20210506$fTESTPROGRAM$fTESTPROGRAM Gold$iissue level
=561  \\$aTESTINST1
=852  0\$aTESTINST1$bHDC$ctestprogram-trust$hN8$i.O75
=866  30$80$a1(1948)-3(1951); n.s. 1(1955)-50(2013)

