=LDR  00691ny  a22002053n 4500
=001  22959022890003841
=003  TestILS
=004  991011937949703841
=005  20210520081217.62
=007  ta
=008  1206070u\\\\0\\\0001ba\\\0\\\\\\\\\\\\\\
=014  1\$a4743856$bOCoLC
=022  0\$a0273-4354$l0273-4354
=035  \\$a(OCoLC)4743856
=035  \\$a(TestILS)c12791702-01asu_inst
=245  00$aTDR /$cNew York University.
=561  \\$aTESTINST1
=583  \\$acommitted to retain$c20120607$dDecember 31, 2035$fTESTPROGRAM$fTESTPROGRAM Silver$uhttp://localhost/services/testprogram/docs/TESTPROGRAMProgramStatement.pdf
=583  \\$acompleteness reviewed$c20120607$fTESTPROGRAM$fTESTPROGRAM Silver$ivolume-level
=852  0\$aTESTINST1$bHDC$ctestprogram-trust$hPN2000$i.D68
=866  30$80$a12, no.1-2(1967/1968)

