=LDR  00683ny  a22002173n 4500
=001  22884796870003841
=003  TestILS
=004  991027173189703841
=005  20210520081217.80
=007  ta
=008  1404160u\\\\0\\\0001ba\\\0\\\\\\\\\\\\\\
=014  1\$a7591736$bOCoLC
=022  0\$a0253-4096
=030  \\$aPRISD9
=035  \\$a(OCoLC)7591736
=035  \\$a(TestILS)c13396158-01asu_inst
=245  00$aProceedings.$pEngineering sciences /$cthe Indian Academy of Sciences.
=561  \\$aTESTINST1
=583  \\$acommitted to retain$c20140416$dDecember 31, 2035$fTESTPROGRAM$fTESTPROGRAM Silver$uhttp://localhost/services/testprogram/docs/TESTPROGRAMProgramStatement.pdf
=583  \\$acompleteness reviewed$c20140416$fTESTPROGRAM$fTESTPROGRAM Silver$ivolume-level
=852  0\$aTESTINST1$bHDC$ctestprogram-trust
=866  30$80$a3(1980)-6(1983)

