=LDR  00689ny  a22002173n 4500
=001  22928085470003841
=003  TestILS
=004  991004866999703841
=005  20210520081218.16
=007  ta
=008  1206210u\\\\0\\\0001ba\\\0\\\\\\\\\\\\\\
=014  1\$a24335365$bOCoLC
=022  0\$a1058-5893
=030  \\$aIPLSE2
=035  \\$a(OCoLC)24335365
=035  \\$a(TestILS)c1280633x-01asu_inst
=245  00$aInternational journal of plant sciences.
=561  \\$aTESTINST1
=583  \\$acommitted to retain$c20120621$dDecember 31, 2035$fTESTPROGRAM$fTESTPROGRAM Silver$uhttp://localhost/services/testprogram/docs/TESTPROGRAMProgramStatement.pdf
=583  \\$acompleteness reviewed$c20120621$fTESTPROGRAM$fTESTPROGRAM Silver$ivolume-level
=852  0\$aTESTINST1$bHDC$ctestprogram-trust
=866  30$80$a153(1992)-166(2005)

