=LDR  00633nx  a22001691n 4500
=003  TestILS
=004  991048640695103841
=007  ta
=001  221165004810003841
=008  1805045u\\\\0\\\0000ba\\\0\\\\\\
=005  20210520081217.93
=035  \\$a(OCoLC)9581554
=245  00$aInstitutions magazine.
=583  \\$acommitted to retain$c20180504$d20351231$fTESTPROGRAM$fTESTPROGRAM Silver$uhttp://localhost/services/testprogram/docs/TESTPROGRAMProgramStatement.pdf
=583  \\$acompleteness reviewed$c20180504$fTESTPROGRAM$fTESTPROGRAM Silver$ivolume level$lmissing volumes$zmissing v.10(1942)-24(1948), v.25:1-4(1949), v.31(1952)
=561  \\$aTESTINST1
=852  0\$aTESTINST1$bHDC$ctestprogram-trust$hTX901$i.I52x
=866  30$80$a25(1949)-30(1952)

