=LDR  00626nx  a22001811n 4500
=003  TestILS
=004  991030574669703841
=007  ta
=001  221171326990003841
=008  2105160u\\\\0\\\0000ba\\\0\\\\\\
=005  20210520081217.47
=035  \\$a(OCoLC)9176054
=245  00$aEstudio social de América Latina /$cpreparado por el Departamento de Asuntos Sociales de la Unión Panamericana.
=583  \\$acommitted to retain$c20210514$d20351231$fTESTPROGRAM$fTESTPROGRAM Gold$uhttp://localhost/services/testprogram/docs/TESTPROGRAMProgramStatement.pdf
=583  \\$acompleteness reviewed$c20210514$fTESTPROGRAM$fTESTPROGRAM Gold$iissue level
=583  \\$acondition reviewed$c20210514$fTESTPROGRAM$fTESTPROGRAM Gold$iissue level
=561  \\$aTESTINST1
=852  0\$aTESTINST1$bHDC$ctestprogram-trust$hHN110.5$i.A18
=866  30$80$a(1962)-(1964)

