=LDR  00609nx  a22001691n 4500
=003  TestILS
=004  991020267809703841
=007  ta
=001  221157892560003841
=008  2012070u\\\\0\\\0000ba\\\0\\\\\\
=005  20210520081217.82
=035  \\$a(OCoLC)33024883
=245  00$aCountry forecast.$pJapan /$cEIU, the Economist Intelligence Unit.
=583  \\$acommitted to retain$c20201207$dDecember 31, 2035$fTESTPROGRAM$fTESTPROGRAM Silver$uhttp://localhost/services/testprogram/docs/TESTPROGRAMProgramStatement.pdf
=583  \\$acompleteness reviewed$c20201207$fTESTPROGRAM$fTESTPROGRAM Silver$ivolume level$lmissing volumes$zmissing (2004) and after.
=561  \\$aTESTINST1
=852  0\$aTESTINST1$bHDC$ctestprogram-trust$hHC461$i.J28x
=866  30$80$a(1993)-(2003)

