=LDR  00591nx  a22001811n 4500
=003  TestILS
=004  991046087859703841
=007  ta
=001  221115194480003841
=008  1905310u\\\\0\\\0000ba\\\0\\\\\\
=005  20210520081217.73
=022  \\$a1522-1113
=035  \\$a(OCoLC)36244076
=245  00$aHarvard Asia Pacific review.
=583  \\$acommitted to retain$c20190531$dDecember 31, 2035$fTESTPROGRAM$fTESTPROGRAM Silver$uhttp://localhost/services/testprogram/docs/TESTPROGRAMProgramStatement.pdf
=583  \\$acompleteness reviewed$c20190531$fTESTPROGRAM$fTESTPROGRAM Silver$ivolume level
=561  \\$aTESTINST1
=852  0\$aTESTINST1$bHDC$ctestprogram-trust$hDS1$i.H28
=866  30$80$a4(1997)-10(2009)

