=LDR  00701nx  a22001931n 4500
=003  TestILS
=004  991027176289703841
=007  ta
=001  221041919970003841
=008  1709130u\\\\0\\\0000ba\\\0\\\\\\
=005  20210520081217.80
=022  \\$a0277-8610
=035  \\$a(OCoLC)7637005
=245  00$aMeans historical cost indexes.
=583  \\$acommitted to retain$c20170913$dDecember 31, 2035$fTESTPROGRAM$fTESTPROGRAM Gold$uhttp://localhost/services/testprogram/docs/TESTPROGRAMProgramStatement.pdf
=583  \\$acompleteness reviewed$c20170913$fTESTPROGRAM$fTESTPROGRAM Gold$iissue-level$lmissing volumes$zmissing 1981-1985, 1988
=583  \\$acondition reviewed$c20170913$fTESTPROGRAM$fTESTPROGRAM Gold$iissue-level
=561  \\$aTESTINST1
=852  0\$aTESTINST1$bHDC$ctestprogram-trust$hTH435$i.M43
=866  30$80$a(1986)-(1987)

