=LDR  00673nx  a22001811n 4500
=003  TestILS
=004  991044937259703841
=007  ta
=001  221126716890003841
=008  1908165u\\\\0\\\0000ba\\\0\\\\\\
=005  20210520081218.06
=035  \\$a(OCoLC)40484627
=245  10$aRevista arhivelor /$cArhivele Nationale ale Romăniei.
=583  \\$acommitted to retain$c20190923$dDecember 31, 2035$fTESTPROGRAM$fTESTPROGRAM Gold$uhttp://localhost/services/testprogram/docs/TESTPROGRAMProgramStatement.pdf
=583  \\$acompleteness reviewed$c20190923$fTESTPROGRAM$fTESTPROGRAM Gold$iissue level$lmissing issues$z1999-2008 missing
=583  \\$acondition reviewed$c20190923$fTESTPROGRAM$fTESTPROGRAM Gold$iissue level
=561  \\$aTESTINST1
=852  0\$aTESTINST1$bHDC$ctestprogram-trust$hCD1970$i.R4
=866  30$80$a59(1997)-60(1998)

