=LDR  00873    a2200241 n 4500
=001  22879014750003841
=003  TestILS
=004  991018844509703841
=005  20210520081217.71
=007  ta
=008  1505010u\\\\0\\\0001ba\\\0\\\\\\\\\\\\\\
=014  1\$a3894927$bOCoLC
=022  0\$a0161-7893$l0161-7893
=035  \\$a(OCoLC)3894927
=035  \\$a(TestILS)c13596172-01asu_inst
=245  04$aThe Woodbook.
=561  \\$aTESTINST1
=561  \\$aNTD
=561  \\$aOKU
=583  \\$acommitted to retain$c20150501$dDecember 31, 2035$fTESTPROGRAM$fTESTPROGRAM Gold$uhttp://localhost/services/testprogram/docs/TESTPROGRAMProgramStatement.pdf
=583  \\$acompleteness reviewed$c20150501$fTESTPROGRAM$fTESTPROGRAM Gold$iissue-level$lmissing volumes$zmissing vol. 1991
=583  \\$acondition reviewed$c20150501$fTESTPROGRAM$fTESTPROGRAM Gold$iissue-level$lloose pages$z1988 pages falling out
=852  0\$aTESTINST1$bHDC$ctestprogram-trust$hTA419$i.W84
=866  30$80$a(1978)-(1990), (1992)

