=LDR  00697ny  a22002173n 4500
=001  22911642620003841
=003  TestILS
=004  991011670809703841
=005  20210520081218.11
=007  ta
=008  1205210u\\\\0\\\0001ba\\\0\\\\\\\\\\\\\\
=014  1\$a1752164$bOCoLC
=022  \\$a0018-2710
=035  \\$a(OCoLC)1752164
=035  \\$a(TestILS)c12790400-01asu_inst
=245  00$aHistory of religions.
=561  \\$aTESTINST1
=583  \\$acommitted to retain$c20120521$dDecember 31, 2035$fTESTPROGRAM$fTESTPROGRAM Silver$uhttp://localhost/services/testprogram/docs/TESTPROGRAMProgramStatement.pdf
=583  \\$acompleteness reviewed$c20120521$fTESTPROGRAM$fTESTPROGRAM Silver$ivolume-level
=852  0\$aTESTINST1$bHDC$ctestprogram-trust
=866  30$80$a1(1961)-45(2006)
=868  30$80$a1(1961)-35(1996)

