=LDR  00657nx  a22001931n 4500
=003  TestILS
=004  991037518669703841
=007  ta
=001  221171328760003841
=008  2105110u\\\\0\\\0000ba\\\0\\\\\\
=005  20210520081218.00
=022  \\$a2152-7938
=035  \\$a(OCoLC)297652270
=245  00$aLeadership in project management.
=583  \\$acommitted to retain$c20210511$d20351231$fTESTPROGRAM$fTESTPROGRAM Gold$uhttp://localhost/services/testprogram/docs/TESTPROGRAMProgramStatement.pdf
=583  \\$acompleteness reviewed$c20210511$fTESTPROGRAM$fTESTPROGRAM Gold$iissue level
=583  \\$acondition reviewed$c20210511$fTESTPROGRAM$fTESTPROGRAM Gold$iissue level
=561  \\$aTESTINST1
=852  0\$aTESTINST1$bHDC$ctestprogram-trust$hHD69.P75$iL392
=866  30$80$a3(2007)-5(2009)

