=LDR  00704    a2200205 n 4500
=001  22894933840003841
=003  TestILS
=004  991011633209703841
=005  20210520081217.60
=007  ta
=008  1505010u\\\\0\\\0001ba\\\0\\\\\\\\\\\\\\
=014  1\$a1645803$bOCoLC
=035  \\$a(OCoLC)1645803
=035  \\$a(TestILS)c13581934-01asu_inst
=245  00$aStudies and records /$cNorwegian-American Historical Association.
=561  \\$aTESTINST1
=583  \\$acommitted to retain$c20150501$dDecember 31, 2035$fTESTPROGRAM$fTESTPROGRAM Gold$uhttp://localhost/services/testprogram/docs/TESTPROGRAMProgramStatement.pdf
=583  \\$acompleteness reviewed$c20150501$fTESTPROGRAM$fTESTPROGRAM Gold$iissue-level
=583  \\$acondition reviewed$c20150501$fTESTPROGRAM$fTESTPROGRAM Gold$iissue-level
=852  0\$aTESTINST1$bHDC$ctestprogram-trust
=866  30$80$a1(1926)-5(1930)

