=LDR  00794ny  a22002293n 4500
=001  22893100240003841
=003  TestILS
=004  991044719249703841
=005  20210520081217.51
=007  ta
=008  1305200u\\\\0\\\0001ba\\\0\\\\\\\\\\\\\\
=014  1\$a9025967$bOCoLC
=022  0\$a0735-8237
=035  \\$a(OCoLC)9025967
=035  \\$a(TestILS)c13175695-01asu_inst
=245  00$6880-01$aZhongguo zhi chun =$bChina spring.
=561  \\$aTESTINST1
=561  \\$aWAU
=583  \\$acommitted to retain$c20130520$dDecember 31, 2035$fTESTPROGRAM$fTESTPROGRAM Gold$uhttp://localhost/services/testprogram/docs/TESTPROGRAMProgramStatement.pdf
=583  \\$acompleteness reviewed$c20130520$fTESTPROGRAM$fTESTPROGRAM Gold$iissue-level$lmissing volumes$zmissing volumes 201-218
=583  \\$acondition reviewed$c20130520$fTESTPROGRAM$fTESTPROGRAM Gold$iissue-level
=852  0\$aTESTINST1$bHDC$ctestprogram-trust
=866  30$80$a1(1982)-200(2000)

