=LDR  00865nx  a22001931n 4500
=003  TestILS
=004  991011916659703841
=007  ta
=001  221067406240003841
=008  1805165u\\\\0\\\0000ba\\\0\\\\\\
=005  20210520081217.89
=022  \\$a0538-7094
=035  \\$a(OCoLC)2252156
=245  10$aInternational standard FIL-IDF.$bNorme internationale FIL-IDF.
=583  \\$acommitted to retain$c20180523$dDecember 31, 2035$fTESTPROGRAM$fTESTPROGRAM Gold$uhttp://localhost/services/testprogram/docs/TESTPROGRAMProgramStatement.pdf
=583  \\$acompleteness reviewed$c20180523$fTESTPROGRAM$fTESTPROGRAM Gold$iissue level$lmissing volumes$zmissing no.2-4; no.8 no.10-11; no.14-17; no.43-45; no.48-49; no.55; no.58-85
=583  \\$acondition reviewed$c20180523$fTESTPROGRAM$fTESTPROGRAM Gold$iissue level
=561  \\$aTESTINST1
=852  0\$aTESTINST1$bHDC$ctestprogram-trust$hSF223 .I65X
=866  30$80$ano.18(1962)-44(1967), 46-47(1969), 49-54(1970), 56-57(1970/1971)  rev.A, 1(1969), 5-7(1969), 9(1969), 12-13(1969); 34A(1967)

