=LDR  00599nx  a22001691n 4500
=003  TestILS
=004  991020845189703841
=007  ta
=001  221065849980003841
=008  1805040u\\\\0\\\0000ba\\\0\\\\\\
=005  20210520081217.85
=035  \\$a(OCoLC)4601430
=245  10$aParents' magazine & better homemaking.
=583  \\$acommitted to retain$c20180504$dDecember 31, 2035$fTESTPROGRAM$fTESTPROGRAM Silver$uhttp://localhost/services/testprogram/docs/TESTPROGRAMProgramStatement.pdf
=583  \\$acompleteness reviewed$c20180504$fTESTPROGRAM$fTESTPROGRAM Silver$ivolume level
=561  \\$aTESTINST1
=852  0\$aTESTINST1$bHDC$ctestprogram-trust$hHQ768 .P33
=866  30$80$a34, no.12(1959)-37(1962), 39(1964)-43, no.10(1967)

