=LDR  00875    a2200241 n 4500
=001  22834444090003841
=003  TestILS
=004  991008776819703841
=005  20210520081217.95
=007  ta
=008  1505150u\\\\0\\\0001ba\\\0\\\\\\\\\\\\\\
=014  1\$a1285253$bOCoLC
=022  0\$a0080-181X$l0080-181X
=030  \\$aRREVAH
=035  \\$a(OCoLC)1285253
=035  \\$a(TestILS)c13598454-01asu_inst
=245  00$aResidue reviews =$bRückstands-Berichte.
=561  \\$aTESTINST1
=583  \\$acommitted to retain$c20150515$dDecember 31, 2035$fTESTPROGRAM$fTESTPROGRAM Gold$uhttp://localhost/services/testprogram/docs/TESTPROGRAMProgramStatement.pdf
=583  \\$acompleteness reviewed$c20150515$fTESTPROGRAM$fTESTPROGRAM Gold$iissue-level$lmissing volumes$zmissing vol. 2
=583  \\$acondition reviewed$c20150515$fTESTPROGRAM$fTESTPROGRAM Gold$iissue-level
=852  0\$aTESTINST1$bHDC$ctestprogram-trust$hTX501$i.R48
=866  30$80$a1(1962), 3(1963)-97(1986)
=868  30$80$a1(1962)-30(1969), 41(1972)-97(1986)

