=LDR  00672nx  a22001931n 4500
=003  TestILS
=004  991048195095403841
=007  ta
=001  221067289700003841
=008  1805140u\\\\0\\\0000ba\\\0\\\\\\
=005  20210520081217.40
=022  \\$a1056-5485
=035  \\$a(OCoLC)17985150
=245  10$aGolf.
=583  \\$acommitted to retain$c20180514$dDecember 31, 2035$fTESTPROGRAM$fTESTPROGRAM Silver$uhttp://localhost/services/testprogram/docs/TESTPROGRAMProgramStatement.pdf
=583  \\$acompleteness reviewed$c20180514$fTESTPROGRAM$fTESTPROGRAM Silver$ivolume level$lmissing volumes$zmissing v.1-5, 9-28, 32:11;
=561  \\$aTESTINST1
=561  \\$aORE
=852  0\$aTESTINST1$bHDC$ctestprogram-trust$hGV961 .G623
=866  30$80$a28, no.2(1986)-33, no.5(1991)

