=LDR  00837nx  a22002051n 4500
=003  TestILS
=004  991014226609703841
=007  ta
=001  221068528530003841
=008  1805165u\\\\0\\\0000ba\\\0\\\\\\
=005  20210520081218.16
=022  \\$a0145-7314
=035  \\$a(OCoLC)2783273
=245  10$aSummary information on master of social work programs.
=583  \\$acommitted to retain$c20180523$dDecember 31, 2035$fTESTPROGRAM$fTESTPROGRAM Gold$uhttp://localhost/services/testprogram/docs/TESTPROGRAMProgramStatement.pdf
=583  \\$acompleteness reviewed$c20180523$fTESTPROGRAM$fTESTPROGRAM Gold$iissue level$lmissing volumes$zmissing 1975-1976, 1981, 1985, 1987, 1997
=583  \\$acondition reviewed$c20180523$fTESTPROGRAM$fTESTPROGRAM Gold$iissue level
=561  \\$aTESTINST1
=561  \\$aUUS
=852  0\$aTESTINST1$bHDC$ctestprogram-trust$hHV11 .C772a
=866  30$80$a1973)-(1974), (1977), (1979)-(1980), (1982)-(1984), (1986), (1988)-(1995/1996), (1998/1999), (2000/2001)-(2003)

