=LDR  00713ny  a22002173n 4500
=001  22959892690003841
=003  TestILS
=004  991011939519703841
=005  20210520081217.62
=007  ta
=008  1305060u\\\\0\\\0001ba\\\0\\\\\\\\\\\\\\
=014  1\$a2276527$bOCoLC
=022  \\$a0252-8843
=035  \\$a(OCoLC)2276527
=035  \\$a(TestILS)c13150522-01asu_inst
=245  00$aRevista de crítica literaria latinoamericana.
=561  \\$aTESTINST1
=583  \\$acommitted to retain$c20130506$dDecember 31, 2035$fTESTPROGRAM$fTESTPROGRAM Silver$uhttp://localhost/services/testprogram/docs/TESTPROGRAMProgramStatement.pdf
=583  \\$acompleteness reviewed$c20130506$fTESTPROGRAM$fTESTPROGRAM Silver$ivolume-level
=852  0\$aTESTINST1$bHDC$ctestprogram-trust$hPQ7081.A1$iR33
=866  30$80$a1(1975)-62(2005)
=868  30$80$a1(1975)-10(1979)

