=LDR  00710nx  a22002051n 4500
=003  TestILS
=004  991011662709703841
=007  ta
=001  221068529560003841
=008  1805165u\\\\0\\\0000ba\\\0\\\\\\
=005  20210520081217.61
=022  \\$a0510-9078
=035  \\$a(OCoLC)1721740
=245  10$aAbridged final report of the ... session /$cWorld Meteorological Organization, Commission for Agricultural Meteorology.
=583  \\$acommitted to retain$c20180523$dDecember 31, 2035$fTESTPROGRAM$fTESTPROGRAM Gold$uhttp://localhost/services/testprogram/docs/TESTPROGRAMProgramStatement.pdf
=583  \\$acompleteness reviewed$c20180523$fTESTPROGRAM$fTESTPROGRAM Gold$iissue level$lmissing issues$zno.1-6
=583  \\$acondition reviewed$c20180523$fTESTPROGRAM$fTESTPROGRAM Gold$iissue level
=561  \\$aTESTINST1
=561  \\$aORE
=852  0\$aTESTINST1$bHDC$ctestprogram-trust$hQC851 .W6445
=866  30$80$ano.7(1979)-10(1991)

