=LDR  00662ny  a22002053n 4500
=001  22881236030003841
=003  TestILS
=004  991027152449703841
=005  20210520081217.69
=007  ta
=008  1404160u\\\\0\\\0001ba\\\0\\\\\\\\\\\\\\
=014  1\$a7432249$bOCoLC
=022  \\$a0169-0124
=035  \\$a(OCoLC)7432249
=035  \\$a(TestILS)c1338224x-01asu_inst
=245  00$aStudies in Slavic and general linguistics.
=561  \\$aTESTINST1
=583  \\$acommitted to retain$c20140416$dDecember 31, 2035$fTESTPROGRAM$fTESTPROGRAM Silver$uhttp://localhost/services/testprogram/docs/TESTPROGRAMProgramStatement.pdf
=583  \\$acompleteness reviewed$c20140416$fTESTPROGRAM$fTESTPROGRAM Silver$ivolume-level
=852  0\$aTESTINST1$bHDC$ctestprogram-trust
=866  30$80$a1(1980)-30(2003)

