=LDR  00714nx  a22001811n 4500
=003  TestILS
=004  991014178389703841
=007  ta
=001  221067280800003841
=008  1805220u\\\\0\\\0000ba\\\0\\\\\\
=005  20210520081217.92
=022  \\$a0010-7832
=035  \\$a(OCoLC)2446184
=245  10$aContract :$bthe trade magazine of space planning and furnishing.
=583  \\$acommitted to retain$c20180522$dDecember 31, 2035$fTESTPROGRAM$fTESTPROGRAM Silver$uhttp://localhost/services/testprogram/docs/TESTPROGRAMProgramStatement.pdf
=583  \\$acompleteness reviewed$c20180522$fTESTPROGRAM$fTESTPROGRAM Silver$ivolume level$lmissing volumes$zmissing v.1-7; v.11:9-11; v.12:9; v.14-22; v.24:7; v.27:6-12; v.28
=561  \\$aTESTINST1
=852  0\$aTESTINST1$bHDC$ctestprogram-trust$hNA1 .C652x
=866  30$80$a8(1967)-13(1972), 23(1981)-27(1985), 29(1987)-32(1990)

