=LDR  00569nx  a22001691n 4500
=003  TestILS
=004  991008683809703841
=007  ta
=001  221111806810003841
=008  1907230u\\\\0\\\0000ba\\\0\\\\\\
=005  20210520081217.52
=035  \\$a(OCoLC)26065570
=245  04$aThe Official guide to the American marketplace.
=583  \\$acommitted to retain$c20190723$dDecember 31, 2035$fTESTPROGRAM$fTESTPROGRAM Silver$uhttp://localhost/services/testprogram/docs/TESTPROGRAMProgramStatement.pdf
=583  \\$acompleteness reviewed$c20190723$fTESTPROGRAM$fTESTPROGRAM Silver$ivolume level
=561  \\$aTESTINST1
=852  0\$aTESTINST1$bHDC$ctestprogram-trust$hHA203 .A635
=866  30$80$ano.1(1992)-2(1995)

