=LDR  00690nx  a22001931n 4500
=003  TestILS
=004  991011834799703841
=007  ta
=001  221155039820003841
=008  2104185u\\\\0\\\0000ba\\\0\\\\\\
=005  20210520081217.75
=022  \\$a0097-8221
=035  \\$a(OCoLC)1799173
=245  04$aThe Occasional review.
=583  \\$acommitted to retain$c20210418$d20351231$fTESTPROGRAM$fTESTPROGRAM Gold$uhttp://localhost/services/testprogram/docs/TESTPROGRAMProgramStatement.pdf
=583  \\$acompleteness reviewed$c20210418$fTESTPROGRAM$fTESTPROGRAM Gold$iissue level$lmissing issues$zmissing v.1(1974 Feb)
=583  \\$acondition reviewed$c20210418$fTESTPROGRAM$fTESTPROGRAM Gold$iissue level
=561  \\$aTESTINST1
=852  0\$aTESTINST1$bHDC$ctestprogram-trust$hAS30$i.O26
=866  30$80$a2(1974)-9(1978)

