=LDR  00743ny  a22002053n 4500
=001  22910414800003841
=003  TestILS
=004  991016516669703841
=005  20210520081218.10
=007  ta
=008  1205150u\\\\0\\\0001ba\\\0\\\\\\\\\\\\\\
=014  1\$a2933901$bOCoLC
=022  0\$a0885-727X$l0885-727X
=035  \\$a(OCoLC)2933901
=035  \\$a(TestILS)c12692311-01asu_inst
=245  00$aAudio visual communication review.
=561  \\$aTESTINST1
=583  \\$acommitted to retain$c20120515$dDecember 31, 2035$fTESTPROGRAM$fTESTPROGRAM Silver$uhttp://localhost/services/testprogram/docs/TESTPROGRAMProgramStatement.pdf
=583  \\$acompleteness reviewed$c20120515$fTESTPROGRAM$fTESTPROGRAM Silver$ivolume-level$lbinding patterns vary$zvols. 1-3, 4-5 bound as single units
=852  0\$aTESTINST1$bHDC$ctestprogram-trust$hP87$i.A8
=866  30$80$a1(1953)-11(1963)

