=LDR  00820    a2200217 n 4500
=001  22843135320003841
=003  TestILS
=004  991011845759703841
=005  20210520081217.37
=007  ta
=008  1605010u\\\\0\\\0001ba\\\0\\\\\\\\\\\\\\
=014  1\$a1888273$bOCoLC
=022  \\$a0001-3757
=035  \\$a(OCoLC)1888273
=035  \\$a(TestILS)c13790912-01asu_inst
=245  10$aBoletín de la Academia Argentina de Letras.
=561  \\$aTESTINST1
=583  \\$acommitted to retain$c20160501$dDecember 31, 2035$fTESTPROGRAM$fTESTPROGRAM Gold$uhttp://localhost/services/testprogram/docs/TESTPROGRAMProgramStatement.pdf
=583  \\$acompleteness reviewed$c20160501$fTESTPROGRAM$fTESTPROGRAM Gold$iissue-level$lmissing volumes$zmissing v.58-62$lmissing issues$zmissing no.221-222
=583  \\$acondition reviewed$c20160501$fTESTPROGRAM$fTESTPROGRAM Gold$iissue-level
=852  0\$aTESTINST1$bHDC$ctestprogram-trust
=866  30$80$a1(1933)-57(1992), 63(1998)-70(2005)

