=LDR  00708ny  a22002173n 4500
=001  22843773040003841
=003  TestILS
=004  991035511409703841
=005  20210520081217.98
=007  ta
=008  1405080u\\\\0\\\0001ba\\\0\\\\\\\\\\\\\\
=014  1\$a12829623$bOCoLC
=022  0\$a0887-4417
=035  \\$a(OCoLC)12829623
=035  \\$a(TestILS)c13403990-01asu_inst
=245  04$aThe journal of computer information systems.
=561  \\$aTESTINST1
=561  \\$aORZ
=583  \\$acommitted to retain$c20140508$dDecember 31, 2035$fTESTPROGRAM$fTESTPROGRAM Silver$uhttp://localhost/services/testprogram/docs/TESTPROGRAMProgramStatement.pdf
=583  \\$acompleteness reviewed$c20140508$fTESTPROGRAM$fTESTPROGRAM Silver$ivolume-level
=852  0\$aTESTINST1$bHDC$ctestprogram-trust$hQA76.27$i.J687x
=866  30$80$a26(1985)-46, no. 2(2006)

