=LDR  00733nx  a22001931n 4500
=003  TestILS
=004  991011541409703841
=007  ta
=001  221099752910003841
=008  1902095u\\\\0\\\0000ba\\\0\\\\\\
=005  20210520081217.95
=022  \\$a1941-2029
=035  \\$a(OCoLC)62501249
=245  00$aCracking the TOEFL iBT /$cthe Princeton Review.
=583  \\$acommitted to retain$c20190209$dDecember 31, 2035$fTESTPROGRAM$fTESTPROGRAM Gold$uhttp://localhost/services/testprogram/docs/TESTPROGRAMProgramStatement.pdf
=583  \\$acompleteness reviewed$c20190209$fTESTPROGRAM$fTESTPROGRAM Gold$iissue level$lmissing volumes$zmissing vols. 2006-2009, 2011, 2014
=583  \\$acondition reviewed$c20180523$fTESTPROGRAM$fTESTPROGRAM Gold$iissue level
=561  \\$aTESTINST1
=852  0\$aTESTINST1$bHDC$ctestprogram-trust$hPE1128.3$i.C73
=866  30$80$a(2010), (2012)-(2013), (2015)

