=LDR  00692nx  a22001811n 4500
=003  TestILS
=004  991032302029703841
=007  ta
=001  221114377470003841
=008  1908090u\\\\0\\\0000ba\\\0\\\\\\
=005  20210520081218.03
=022  \\$a0746-3839
=035  \\$a(OCoLC)10008833
=245  00$aModern office technology.
=583  \\$acommitted to retain$c20190809$dDecember 31, 2035$fTESTPROGRAM$fTESTPROGRAM Silver$uhttp://localhost/services/testprogram/docs/TESTPROGRAMProgramStatement.pdf
=583  \\$acompleteness reviewed$c20190809$fTESTPROGRAM$fTESTPROGRAM Silver$ivolume level$lmissing volumes$zmissing v.29(1984), v.30:1(1985), v.31:2,7(1986), v.32:4-3(1987)
=561  \\$aTESTINST1
=852  0\$aTESTINST1$bHDC$ctestprogram-trust$hHF5547.A2$iM6
=866  30$80$a28, no.10(1983)-38, no.5(1993)

