=LDR  00827    a2200217 n 4500
=001  22930080840003841
=003  TestILS
=004  991032315459703841
=005  20210520081218.04
=007  ta
=008  1605010u\\\\0\\\0001ba\\\0\\\\\\\\\\\\\\
=014  1\$a10182627$bOCoLC
=022  \\$a0821-6762
=035  \\$a(OCoLC)10182627
=035  \\$a(TestILS)c13791849-01asu_inst
=245  00$aClimatic perspectives.$pMonthly supplement.
=561  \\$aTESTINST1
=583  \\$acommitted to retain$c20160501$dDecember 31, 2035$fTESTPROGRAM$fTESTPROGRAM Gold$uhttp://localhost/services/testprogram/docs/TESTPROGRAMProgramStatement.pdf
=583  \\$acompleteness reviewed$c20160501$fTESTPROGRAM$fTESTPROGRAM Gold$iissue-level$lmissing volumes$zmissing v.15-16$zmissing issues$zmissing v.5 Jan-Apr; v.10 March; v.14:9-12
=583  \\$acondition reviewed$c20160501$fTESTPROGRAM$fTESTPROGRAM Gold$iissue-level
=852  0\$aTESTINST1$bHDC$ctestprogram-trust
=866  30$80$a5(1983)-14(1992)

