=LDR  00827    a2200217 n 4500
=001  22920163020003841
=003  TestILS
=004  991011675309703841
=005  20210520081218.12
=007  ta
=008  1505010u\\\\0\\\0001ba\\\0\\\\\\\\\\\\\\
=014  1\$a1753035$bOCoLC
=022  \\$a0019-6614
=035  \\$a(OCoLC)1753035
=035  \\$a(TestILS)c13596962-01asu_inst
=245  00$aIndiana folklore.
=561  \\$aTESTINST1
=583  \\$acommitted to retain$c20150501$dDecember 31, 2035$fTESTPROGRAM$fTESTPROGRAM Gold$uhttp://localhost/services/testprogram/docs/TESTPROGRAMProgramStatement.pdf
=583  \\$acompleteness reviewed$c20150501$fTESTPROGRAM$fTESTPROGRAM Gold$iissue-level$lmissing volumes$zmissing vols. 1, 4-6$lmissing issues$zmissing vol. 3 issue 1
=583  \\$acondition reviewed$c20150501$fTESTPROGRAM$fTESTPROGRAM Gold$iissue-level
=852  0\$aTESTINST1$bHDC$ctestprogram-trust
=866  30$80$a2(1969)-3(1970), 7(1974)-13(1980)

