=LDR  00663ny  a22002053n 4500
=001  22903363500003841
=003  TestILS
=004  991037143019703841
=005  20210520081217.99
=007  ta
=008  1206260u\\\\0\\\0001ba\\\0\\\\\\\\\\\\\\
=014  1\$a13534968$bOCoLC
=022  0\$a0258-6770
=035  \\$a(OCoLC)13534968
=035  \\$a(TestILS)c12806997-01asu_inst
=245  04$aThe World Bank economic review.
=561  \\$aTESTINST1
=583  \\$acommitted to retain$c20120626$dDecember 31, 2035$fTESTPROGRAM$fTESTPROGRAM Silver$uhttp://localhost/services/testprogram/docs/TESTPROGRAMProgramStatement.pdf
=583  \\$acompleteness reviewed$c20120626$fTESTPROGRAM$fTESTPROGRAM Silver$ivolume-level
=852  0\$aTESTINST1$bHDC$ctestprogram-trust
=866  30$80$a1(1986)-19(2005)

