=LDR  00661ny  a22002053n 4500
=001  22958621300003841
=003  TestILS
=004  991011496309703841
=005  20210520081217.44
=007  ta
=008  1401060u\\\\0\\\0001ba\\\0\\\\\\\\\\\\\\
=014  1\$a1518821$bOCoLC
=022  \\$a0004-9468
=035  \\$a(OCoLC)1518821
=035  \\$a(TestILS)c1330379x-01asu_inst
=245  00$aAustralian journal of French studies.
=561  \\$aTESTINST1
=583  \\$acommitted to retain$c20140106$dDecember 31, 2035$fTESTPROGRAM$fTESTPROGRAM Silver$uhttp://localhost/services/testprogram/docs/TESTPROGRAMProgramStatement.pdf
=583  \\$acompleteness reviewed$c20140106$fTESTPROGRAM$fTESTPROGRAM Silver$ivolume-level
=852  0\$aTESTINST1$bHDC$ctestprogram-trust
=866  30$80$a1(1964)-42(2005)

