=LDR  00690ny  a22002053n 4500
=001  22969428780003841
=003  TestILS
=004  991001627999703841
=005  20210520081217.78
=007  ta
=008  1705080u\\\\0\\\0001ba\\\0\\\\\\\\\\\\\\
=014  1\$a35516825$bOCoLC
=022  \\$a1091-0131
=035  \\$a(OCoLC)35516825
=035  \\$a(TestILS)c14147191-01asu_inst
=245  10$aTechniques.
=561  \\$aTESTINST1
=583  \\$acommitted to retain$c20170508$dDecember 31, 2035$fTESTPROGRAM$fTESTPROGRAM Silver$uhttp://localhost/services/testprogram/docs/TESTPROGRAMProgramStatement.pdf
=583  \\$acompleteness reviewed$c20170508$fTESTPROGRAM$fTESTPROGRAM Silver$ivolume-level
=852  0\$aTESTINST1$bHDC$ctestprogram-trust$hLC1041$i.A6
=866  30$80$a71, no.6(1996)-74, no.1(1999)

