=LDR  00674ny  a22002053n 4500
=001  22851452080003841
=003  TestILS
=004  991033180549703841
=005  20210520081218.04
=007  ta
=008  1605200u\\\\0\\\0001ba\\\0\\\\\\\\\\\\\\
=014  1\$a1716273$bOCoLC
=022  0\$a0734-7030$l0734-7030
=035  \\$a(OCoLC)1716273
=035  \\$a(TestILS)c1379470x-01asu_inst
=245  00$aNew Mexico anthropologist.
=561  \\$aWAU
=583  \\$acommitted to retain$c20160520$dDecember 31, 2035$fTESTPROGRAM$fTESTPROGRAM Silver$uhttp://localhost/services/testprogram/docs/TESTPROGRAMProgramStatement.pdf
=583  \\$acompleteness reviewed$c20160520$fTESTPROGRAM$fTESTPROGRAM Silver$ivolume-level
=852  0\$aTESTINST1$bHDC$ctestprogram-trust$hE77$i.N45
=866  30$80$a1(1937)

