=LDR  00788    a2200217 n 4500
=001  22879054840003841
=003  TestILS
=004  991011905079703841
=005  20210520081217.88
=007  ta
=008  1605010u\\\\0\\\0001ba\\\0\\\\\\\\\\\\\\
=014  1\$a2244729$bOCoLC
=022  \\$a0360-5531
=035  \\$a(OCoLC)2244729
=035  \\$a(TestILS)c13792933-01asu_inst
=245  04$aThe Old Northwest.
=561  \\$aTESTINST1
=583  \\$acommitted to retain$c20160501$dDecember 31, 2035$fTESTPROGRAM$fTESTPROGRAM Gold$uhttp://localhost/services/testprogram/docs/TESTPROGRAMProgramStatement.pdf
=583  \\$acompleteness reviewed$c20160501$fTESTPROGRAM$fTESTPROGRAM Gold$iissue-level
=583  \\$acondition reviewed$c20160501$fTESTPROGRAM$fTESTPROGRAM Gold$iissue-level$lprint error$zv.8:4 pg344-346 upside down & out of order
=852  0\$aTESTINST1$bHDC$ctestprogram-trust
=866  30$80$a2(1976)-16(1992)

