=LDR  00737nx  a22001931n 4500
=003  TestILS
=004  991014169829703841
=007  ta
=001  221048728410003841
=008  1801055u\\\\0\\\0000ba\\\0\\\\\\
=005  20210520081217.92
=022  \\$a0145-8388
=035  \\$a(OCoLC)2409827
=245  04$aThe New laurel review.
=583  \\$acommitted to retain$c20180105$dDecember 31, 2035$fTESTPROGRAM$fTESTPROGRAM Gold$uhttp://localhost/services/testprogram/docs/TESTPROGRAMProgramStatement.pdf
=583  \\$acompleteness reviewed$c20180105$fTESTPROGRAM$fTESTPROGRAM Gold$iissue level$lmissing volumes$zmissing v.1-6$lmissing issues$zv.13 missing pocket info
=583  \\$acondition reviewed$c20180105$fTESTPROGRAM$fTESTPROGRAM Gold$iissue level
=561  \\$aTESTINST1
=852  0\$aTESTINST1$bHDC$ctestprogram-trust$hPS536.2 .N3x
=866  30$80$a7(1977)-14(1984)

