=LDR  00768    a2200217 n 4500
=001  22822474860003841
=003  TestILS
=004  991011778999703841
=005  20210520081217.57
=007  ta
=008  1505010u\\\\0\\\0001ba\\\0\\\\\\\\\\\\\\
=014  1\$a1781382$bOCoLC
=022  \\$a0034-785X
=035  \\$a(OCoLC)1781382
=035  \\$a(TestILS)c13582847-01asu_inst
=245  00$aRevista de cultura brasileña.
=561  \\$aTESTINST1
=583  \\$acommitted to retain$c20150501$dDecember 31, 2035$fTESTPROGRAM$fTESTPROGRAM Gold$uhttp://localhost/services/testprogram/docs/TESTPROGRAMProgramStatement.pdf
=583  \\$acompleteness reviewed$c20150501$fTESTPROGRAM$fTESTPROGRAM Gold$iissue-level$lmissing issues$zmissing no.1-44
=583  \\$acondition reviewed$c20150501$fTESTPROGRAM$fTESTPROGRAM Gold$iissue-level
=852  0\$aTESTINST1$bHDC$ctestprogram-trust
=866  30$80$ano.45(1977)-52(1981)

