=LDR  00678nx  a22001811n 4500
=003  TestILS
=004  991024494769703841
=007  ta
=001  221106589280003841
=008  1905150u\\\\0\\\0000ba\\\0\\\\\\
=005  20210520081217.43
=022  \\$a1563-051X
=035  \\$a(OCoLC)29585874
=245  10$aEducation at a glance :$bOECD indicators /$cCentre for Educational Research and Innovation = Regards sur l'éducation : les indicateurs de l'OCDE / Centre pour la recherche et l'innovation dans l'enseignement.
=583  \\$acommitted to retain$c20190515$dDecember 31, 2035$fTESTPROGRAM$fTESTPROGRAM Silver$uhttp://localhost/services/testprogram/docs/TESTPROGRAMProgramStatement.pdf
=583  \\$acompleteness reviewed$c20190515$fTESTPROGRAM$fTESTPROGRAM Silver$ivolume level$lmissing volumes$zmissing (1995), (2013)
=561  \\$aTESTINST1
=852  0\$aTESTINST1$bHDC$ctestprogram-trust$hLB2846$i.E247
=866  30$80$a(1992)-(1993), (1996)-(1998), (2000)-(2012), (2014)-(2015)

