=LDR  00652nx  a22001931n 4500
=003  TestILS
=004  991017365479703841
=007  ta
=001  221159187980003841
=008  2104115u\\\\0\\\0000ba\\\0\\\\\\
=005  20210520081218.19
=022  \\$a2150-6833
=035  \\$a(OCoLC)84749899
=245  04$aThe insurance fact book.
=583  \\$acommitted to retain$c20210411$d20351231$fTESTPROGRAM$fTESTPROGRAM Gold$uhttp://localhost/services/testprogram/docs/TESTPROGRAMProgramStatement.pdf
=583  \\$acompleteness reviewed$c20210411$fTESTPROGRAM$fTESTPROGRAM Gold$iissue level
=583  \\$acondition reviewed$c20210411$fTESTPROGRAM$fTESTPROGRAM Gold$iissue level
=561  \\$aTESTINST1
=852  0\$aTESTINST1$bHDC$ctestprogram-trust$hHG8523$i.I52
=866  30$80$a(2009)-(2015)

