=LDR  00662nx  a22001811n 4500
=003  TestILS
=004  991032300149703841
=007  ta
=001  221169449860003841
=008  2105040u\\\\0\\\0000ba\\\0\\\\\\
=005  20210520081218.03
=035  \\$a(OCoLC)9974154
=245  10$aPortraits of prominent USSR personalities.
=583  \\$acommitted to retain$c20210504$d20351231$fTESTPROGRAM$fTESTPROGRAM Gold$uhttp://localhost/services/testprogram/docs/TESTPROGRAMProgramStatement.pdf
=583  \\$acompleteness reviewed$c20210504$fTESTPROGRAM$fTESTPROGRAM Gold$iissue level$lmissing issues$zmissing no.146-180
=583  \\$acondition reviewed$c20210504$fTESTPROGRAM$fTESTPROGRAM Gold$iissue level
=561  \\$aTESTINST1
=852  0\$aTESTINST1$bHDC$ctestprogram-trust$hDK37$i.P6
=866  30$80$a1(1966)-145(1967)

