=LDR  00670nx  a22001931n 4500
=003  TestILS
=004  991018860429703841
=007  ta
=001  221048431500003841
=008  1801055u\\\\0\\\0000ba\\\0\\\\\\
=005  20210520081217.72
=022  \\$a0250-6122
=035  \\$a(OCoLC)4096922
=245  10$aDevelopment financing.
=583  \\$acommitted to retain$c20180105$dDecember 31, 2035$fTESTPROGRAM$fTESTPROGRAM Gold$uhttp://localhost/services/testprogram/docs/TESTPROGRAMProgramStatement.pdf
=583  \\$acompleteness reviewed$c20180105$fTESTPROGRAM$fTESTPROGRAM Gold$iissue level
=583  \\$acondition reviewed$c20180105$fTESTPROGRAM$fTESTPROGRAM Gold$iissue level
=561  \\$aTESTINST1
=852  0\$aTESTINST1$bHDC$ctestprogram-trust$hHJ799.53 .O73b
=866  30$80$a1, no.2(1977)-3(1979)

