=LDR  00813    a2200229 n 4500
=001  22969882850003841
=003  TestILS
=004  991020820629703841
=005  20210520081217.84
=007  ta
=008  1605090u\\\\0\\\0001ba\\\0\\\\\\\\\\\\\\
=014  1\$a4351741$bOCoLC
=022  0\$a0164-7865
=035  \\$a(OCoLC)4351741
=035  \\$a(TestILS)c13794188-01asu_inst
=245  00$aNursing leadership.
=561  \\$aTESTINST1
=561  \\$aCUF
=583  \\$acommitted to retain$c20160509$dDecember 31, 2035$fTESTPROGRAM$fTESTPROGRAM Gold$uhttp://localhost/services/testprogram/docs/TESTPROGRAMProgramStatement.pdf
=583  \\$acompleteness reviewed$c20160509$fTESTPROGRAM$fTESTPROGRAM Gold$iissue-level$lmissing volumes$zmissing v.1-2$lmissing issues$zmissing v.3:3
=583  \\$acondition reviewed$c20160509$fTESTPROGRAM$fTESTPROGRAM Gold$iissue-level
=852  0\$aTESTINST1$bHDC$ctestprogram-trust
=866  30$80$a3(1980)-6(1983)

