=LDR  00559nx  a22001691n 4500
=003  TestILS
=004  991012175809703841
=007  ta
=001  221115218570003841
=008  1905310u\\\\0\\\0000ba\\\0\\\\\\
=005  20210520081217.62
=035  \\$a(OCoLC)30061854
=245  10$aOECD economic surveys.$pThe Czech and Slovak republics /$cCentre for Co-operation with the Economies in Transition.
=583  \\$acommitted to retain$c20190531$dDecember 31, 2035$fTESTPROGRAM$fTESTPROGRAM Silver$uhttp://localhost/services/testprogram/docs/TESTPROGRAMProgramStatement.pdf
=583  \\$acompleteness reviewed$c20190531$fTESTPROGRAM$fTESTPROGRAM Silver$ivolume level
=561  \\$aTESTINST1
=852  0\$aTESTINST1$bHDC$ctestprogram-trust$hHC270.2$i.O37
=866  30$80$a(1994)

