=LDR  00709nx  a22001931n 4500
=003  TestILS
=004  991045246319703841
=007  ta
=001  221134609000003841
=008  1912315u\\\\0\\\0000ba\\\0\\\\\\
=005  20210520081218.07
=022  \\$a0740-2872
=035  \\$a(OCoLC)22588959
=245  00$aMichael Singer's film directors :$ba complete guide /$ccompiled and edited by Michael Singer.
=583  \\$acommitted to retain$c20191231$dDecember 31, 2035$fTESTPROGRAM$fTESTPROGRAM Gold$uhttp://localhost/services/testprogram/docs/TESTPROGRAMProgramStatement.pdf
=583  \\$acompleteness reviewed$c20191231$fTESTPROGRAM$fTESTPROGRAM Gold$iissue level$lmissing issues$zmissing no.8
=583  \\$acondition reviewed$c20191231$fTESTPROGRAM$fTESTPROGRAM Gold$iissue level
=561  \\$aTESTINST1
=852  0\$aTESTINST1$bHDC$ctestprogram-trust$hPN1998.A2$iD568
=866  30$80$ano.7(1989), 9(1992)-13(1998)

