=LDR  00772nx  a22002051n 4500
=003  TestILS
=004  991011791559703841
=007  ta
=001  221043228380003841
=008  1710030u\\\\0\\\0001ba\\\0\\\\\\
=005  20210520081217.97
=022  \\$a0449-4733
=035  \\$a(OCoLC)1783389
=245  00$aJournal de l'année.
=583  \\$acommitted to retain$c20171003$dDecember 31, 2035$fTESTPROGRAM$fTESTPROGRAM Gold$uhttp://localhost/services/testprogram/docs/TESTPROGRAMProgramStatement.pdf
=583  \\$acompleteness reviewed$c20171003$fTESTPROGRAM$fTESTPROGRAM Gold$iissue-level$lmissing volumes$lmissing 1967/1968; 1976/1977; 2001-2003
=583  \\$acondition reviewed$c20171003$fTESTPROGRAM$fTESTPROGRAM Gold$iissue-level
=561  \\$aTESTINST1
=852  0\$aTESTINST1$bHDC$ctestprogram-trust$hAY 16 .J6x
=866  30$80$a(1966)-(1982), (1984)-(2001), (2004)
=868  30$80$a(1966)-(1976)

