=LDR  00678nx  a22001931n 4500
=003  TestILS
=004  991045846449703841
=007  ta
=001  221049411040003841
=008  1801030u\\\\0\\\0000ba\\\0\\\\\\
=005  20210520081217.73
=022  \\$a0027-9358
=035  \\$a(OCoLC)6451257
=245  00$aNational geographic.
=583  \\$acommitted to retain$c20180103$dDecember 31, 2035$fTESTPROGRAM$fTESTPROGRAM Silver$uhttp://localhost/services/testprogram/docs/TESTPROGRAMProgramStatement.pdf
=583  \\$acompleteness reviewed$c20180103$fTESTPROGRAM$fTESTPROGRAM Silver$ivolume level$lmissing volumes$zmissing v.143
=561  \\$aTESTINST1
=852  0\$aTESTINST1$bHDC$ctestprogram-trust$hG1$i.N27
=866  30$80$a116(1959)-142(1972), 144(1973)-208(2005)
=868  30$80$a(1959)-(1993)

