=LDR  00762    a2200217 n 4500
=001  22933295540003841
=003  TestILS
=004  991030472439703841
=005  20210520081217.46
=007  ta
=008  1505290u\\\\0\\\0001ba\\\0\\\\\\\\\\\\\\
=014  1\$a1297557$bOCoLC
=022  \\$a0426-7613$l0426-7613
=035  \\$a(OCoLC)1297557
=035  \\$a(TestILS)c13645419-01asu_inst
=245  00$aCommodity reports.$pRice.
=561  \\$aWYU
=583  \\$acommitted to retain$c20150529$dDecember 31, 2035$fTESTPROGRAM$fTESTPROGRAM Gold$uhttp://localhost/services/testprogram/docs/TESTPROGRAMProgramStatement.pdf
=583  \\$acompleteness reviewed$c20150529$fTESTPROGRAM$fTESTPROGRAM Gold$iissue-level
=583  \\$acondition reviewed$c20150529$fTESTPROGRAM$fTESTPROGRAM Gold$iissue-level
=852  0\$aTESTINST1$bHDC$ctestprogram-trust$hHD9066.A2$iF53x
=866  30$80$ano.1(1950)-13(1962)

