=LDR  00640nx  a22001811n 4500
=003  TestILS
=004  991022342219703841
=007  ta
=001  221171248020003841
=008  2012095u\\\\0\\\0000ba\\\0\\\\\\
=005  20210520081217.37
=022  \\$a0962-9610
=035  \\$a(OCoLC)27693936
=245  10$aHistory review.
=583  \\$acommitted to retain$c20201209$d20351231$fTESTPROGRAM$fTESTPROGRAM Silver$uhttp://localhost/services/testprogram/docs/TESTPROGRAMProgramStatement.pdf
=583  \\$acompleteness reviewed$c20201209$fTESTPROGRAM$fTESTPROGRAM Silver$ivolume level$lmissing volumes$zmissing no.1-15, no.19 and after
=561  \\$aTESTINST1
=852  0\$aTESTINST1$bHDC$ctestprogram-trust$hD1$i.H8176x
=866  30$80$ano. 16(1993)-18(1994)

