=LDR  00678nx  a22001931n 4500
=003  TestILS
=004  991030570629703841
=007  ta
=001  221067249900003841
=008  1805140u\\\\0\\\0000ba\\\0\\\\\\
=005  20210520081217.47
=022  \\$a0745-3795
=035  \\$a(OCoLC)9113725
=245  00$aLandscape & irrigation.
=583  \\$acommitted to retain$c20180514$dDecember 31, 2035$fTESTPROGRAM$fTESTPROGRAM Silver$uhttp://localhost/services/testprogram/docs/TESTPROGRAMProgramStatement.pdf
=583  \\$acompleteness reviewed$c20180514$fTESTPROGRAM$fTESTPROGRAM Silver$ivolume level$lmissing volumes$zmissing v.6-8; v.9:1-9; v.11:2; v.20:9
=561  \\$aTESTINST1
=561  \\$aUUS
=852  0\$aTESTINST1$bHDC$ctestprogram-trust$hSB472.535 .W47$iL35x
=866  30$80$a9(1985)-29(2005)

