=LDR  00733    a2200217 n 4500
=001  22854134780003841
=003  TestILS
=004  991040093169703841
=005  20210520081217.55
=007  ta
=008  1505220u\\\\0\\\0001ba\\\0\\\\\\\\\\\\\\
=014  1\$a18237253$bOCoLC
=022  0\$a0899-8493
=035  \\$a(OCoLC)18237253
=035  \\$a(TestILS)c13605434-01asu_inst
=245  00$aPediatric exercise science.
=561  \\$aTESTINST1
=583  \\$acommitted to retain$c20150522$dDecember 31, 2035$fTESTPROGRAM$fTESTPROGRAM Gold$uhttp://localhost/services/testprogram/docs/TESTPROGRAMProgramStatement.pdf
=583  \\$acompleteness reviewed$c20150522$fTESTPROGRAM$fTESTPROGRAM Gold$iissue-level
=583  \\$acondition reviewed$c20150522$fTESTPROGRAM$fTESTPROGRAM Gold$iissue-level
=852  0\$aTESTINST1$bHDC$ctestprogram-trust
=866  30$80$a1(1989)-17(2005)

