=LDR  00516ny  a22001693n 4500
=003  TestILS
=004  991011483679703841
=005  20210520081217.68
=001  221098636750003841
=007  ta
=008  1901110u\\\\0\\\0001aa\\\0\\\\\\\\\\\\\8
=022  \\$a0003-8121
=035  \\$a(OCoLC)1481829
=245  00$aArchæology & physical anthropology in Oceania.
=561  \\$aTESTINST1
=583  \\$acommitted to retain$c20190111$dDecember 31, 2035$fTESTPROGRAM$fTESTPROGRAM Bronze$uhttp://localhost/services/testprogram/docs/TESTPROGRAMProgramStatement.pdf
=852  0\$aTESTINST1$bHDC$ctestprogram-trust$hDU1$i.A7
=866  30$80$a1(1966)-15(1980)

