=LDR  00646nx  a22001811n 4500
=003  TestILS
=004  991028886349703841
=007  ta
=001  221114398440003841
=008  1908070u\\\\0\\\0000ba\\\0\\\\\\
=005  20210520081217.81
=022  \\$a0730-6156
=035  \\$a(OCoLC)8036171
=245  00$aTelemarketing.
=583  \\$acommitted to retain$c20190807$dDecember 31, 2035$fTESTPROGRAM$fTESTPROGRAM Silver$uhttp://localhost/services/testprogram/docs/TESTPROGRAMProgramStatement.pdf
=583  \\$acompleteness reviewed$c20190807$fTESTPROGRAM$fTESTPROGRAM Silver$ivolume level$lmissing volumes$zmissing v.6:5 (1987)
=561  \\$aTESTINST1
=852  0\$aTESTINST1$bHDC$ctestprogram-trust$hHF5438.3$i.T44x
=866  30$80$a1(1982/1983)-14, no.5(1995)

