=LDR  00609    a2200193 n 4500
=001  22963569050003841
=003  TestILS
=004  991025134269703841
=005  20210520081217.42
=007  ta
=008  1306140u\\\\0\\\0001ba\\\0\\\\\\\\\\\\\\
=014  1\$a6902750$bOCoLC
=022  \\$a0453-4514
=035  \\$a(OCoLC)6902750
=035  \\$a(TestILS)c13185767-01asu_inst
=245  00$aJournal of the Operations Research Society of Japan.
=561  \\$aTESTINST1
=583  \\$acommitted to retain$c20130614$dDecember 31, 2035$fTESTPROGRAM$fTESTPROGRAM Bronze$uhttp://localhost/services/testprogram/docs/TESTPROGRAMProgramStatement.pdf
=852  0\$aTESTINST1$bHDC$ctestprogram-trust
=866  30$80$a8(1965/1966)-13(1970/1971), 15(1972)-48(2005)

