=LDR  00720nx  a22001931n 4500
=003  TestILS
=004  991045072799703841
=007  ta
=001  221148379850003841
=008  2006305u\\\\0\\\0000ba\\\0\\\\\\
=005  20210520081218.06
=022  \\$a1550-3917
=035  \\$a(OCoLC)44190293
=245  00$aEducators guide to free videotapes.$pSecondary edition.
=583  \\$acommitted to retain$c20200630$dDecember 31, 2035$fTESTPROGRAM$fTESTPROGRAM Gold$uhttp://localhost/services/testprogram/docs/TESTPROGRAMProgramStatement.pdf
=583  \\$acompleteness reviewed$c20200630$fTESTPROGRAM$fTESTPROGRAM Gold$iissue level$lmissing issues$zmissing 47(2000/01)-55(2008/2009)
=583  \\$acondition reviewed$c20200630$fTESTPROGRAM$fTESTPROGRAM Gold$iissue level
=561  \\$aTESTINST1
=852  0\$aTESTINST1$bHDC$ctestprogram-trust$hLB1044.75$i.E34x
=866  30$80$ano. 55(2008/2009)

