=LDR  00651nx  a22001931n 4500
=003  TestILS
=004  991011517099703841
=007  ta
=001  221153822830003841
=008  2104225u\\\\0\\\0000ba\\\0\\\\\\
=005  20210520081217.45
=022  \\$a0008-6649
=035  \\$a(OCoLC)1553381
=245  04$aThe Carleton miscellany.
=583  \\$acommitted to retain$c20210422$d20351231$fTESTPROGRAM$fTESTPROGRAM Gold$uhttp://localhost/services/testprogram/docs/TESTPROGRAMProgramStatement.pdf
=583  \\$acompleteness reviewed$c20210422$fTESTPROGRAM$fTESTPROGRAM Gold$iissue level
=583  \\$acondition reviewed$c20210422$fTESTPROGRAM$fTESTPROGRAM Gold$iissue level
=561  \\$aTESTINST1
=852  0\$aTESTINST1$bHDC$ctestprogram-trust$hAP2$i.C3x
=866  30$80$a1(1960)-18(1980)

