=LDR  00800    a2200229 n 4500
=001  22855758650003841
=003  TestILS
=004  991009772769703841
=005  20210520081217.96
=007  ta
=008  1605010u\\\\0\\\0001ba\\\0\\\\\\\\\\\\\\
=014  1\$a1765737$bOCoLC
=022  \\$a0370-7415
=030  \\$aRSMNA6
=035  \\$a(OCoLC)1765737
=035  \\$a(TestILS)c13793184-01asu_inst
=245  10$aRevista de la Sociedad Mexicana de Historia Natural.
=561  \\$aTESTINST1
=583  \\$acommitted to retain$c20160501$dDecember 31, 2035$fTESTPROGRAM$fTESTPROGRAM Gold$uhttp://localhost/services/testprogram/docs/TESTPROGRAMProgramStatement.pdf
=583  \\$acompleteness reviewed$c20160501$fTESTPROGRAM$fTESTPROGRAM Gold$iissue-level$lmissing volumes$zmissing v.1-25, 27-43, 45
=583  \\$acondition reviewed$c20160501$fTESTPROGRAM$fTESTPROGRAM Gold$iissue-level
=852  0\$aTESTINST1$bHDC$ctestprogram-trust
=866  30$80$a26(1965), 44(1993)

