=LDR  00499ny  a22001693n 4500
=003  TestILS
=004  991011458829703841
=005  20210520081217.67
=001  221156149540003841
=007  ta
=008  2011090u\\\\0\\\0000ba\\\0\\\\\\
=022  \\$a0065-3020
=035  \\$a(OCoLC)1461232
=245  00$aAdvances in oral biology.
=561  \\$aTESTINST1
=583  \\$acommitted to retain$c20201109$d20351231$fTESTPROGRAM$fTESTPROGRAM Bronze$uhttp://localhost/services/testprogram/docs/TESTPROGRAMProgramStatement.pdf
=852  0\$aTESTINST1$bHDC$ctestprogram-trust$hRK1$i.A35
=866  30$80$a1(1964)-4(1970)

