=LDR  00766    a2200229 n 4500
=001  22863563300003841
=003  TestILS
=004  991018830599703841
=005  20210520081217.65
=007  ta
=008  1505060u\\\\0\\\0001ba\\\0\\\\\\\\\\\\\\
=014  1\$a3688089$bOCoLC
=022  0\$a0884-5247
=035  \\$a(OCoLC)3688089
=035  \\$a(TestILS)c13597516-01asu_inst
=245  00$aEPIEgram.$pMaterials.
=561  \\$aTESTINST1
=561  \\$aORZ
=583  \\$acommitted to retain$c20150506$dDecember 31, 2035$fTESTPROGRAM$fTESTPROGRAM Gold$uhttp://localhost/services/testprogram/docs/TESTPROGRAMProgramStatement.pdf
=583  \\$acompleteness reviewed$c20150506$fTESTPROGRAM$fTESTPROGRAM Gold$iissue-level
=583  \\$acondition reviewed$c20150506$fTESTPROGRAM$fTESTPROGRAM Gold$iissue-level
=852  0\$aTESTINST1$bHDC$ctestprogram-trust$hLB3044$i.E65x
=866  30$80$a6(1977)-15(1987)

