=LDR  00569nx  a22001691n 4500
=003  TestILS
=004  991028021269703841
=007  ta
=001  221065899970003841
=008  1805040u\\\\0\\\0000ba\\\0\\\\\\
=005  20210520081217.81
=035  \\$a(OCoLC)7489547
=245  00$aSchool shop for industrial arts & vocational education teachers.
=583  \\$acommitted to retain$c20180504$dDecember 31, 2035$fTESTPROGRAM$fTESTPROGRAM Silver$uhttp://localhost/services/testprogram/docs/TESTPROGRAMProgramStatement.pdf
=583  \\$acompleteness reviewed$c20180504$fTESTPROGRAM$fTESTPROGRAM Silver$ivolume level
=561  \\$aTESTINST1
=852  0\$aTESTINST1$bHDC$ctestprogram-trust$hT61  .S35
=866  30$80$a1(1941)-7, no.4(1947)

