=LDR  00697ny  a22002053n 4500
=001  22951056980003841
=003  TestILS
=004  991011681899703841
=005  20210520081218.12
=007  ta
=008  1305220u\\\\0\\\0001ba\\\0\\\\\\\\\\\\\\
=014  1\$a1754000$bOCoLC
=022  \\$a0578-9001
=035  \\$a(OCoLC)1754000
=035  \\$a(TestILS)c13180721-01asu_inst
=245  00$aBulletin of the Research Council of Israel.$nSection A,$pChemistry.
=561  \\$aTESTINST1
=583  \\$acommitted to retain$c20130522$dDecember 31, 2035$fTESTPROGRAM$fTESTPROGRAM Silver$uhttp://localhost/services/testprogram/docs/TESTPROGRAMProgramStatement.pdf
=583  \\$acompleteness reviewed$c20130522$fTESTPROGRAM$fTESTPROGRAM Silver$ivolume-level$lmissing volumes$zmissing vols. 1-6
=852  0\$aTESTINST1$bHDC$ctestprogram-trust
=866  30$80$a7(1957)-11(1963)

