=LDR  00691ny  a22002173n 4500
=001  22823195470003841
=003  TestILS
=004  991011775999703841
=005  20210520081217.56
=007  ta
=008  1305210u\\\\0\\\0001ba\\\0\\\\\\\\\\\\\\
=014  1\$a1780033$bOCoLC
=035  \\$a(OCoLC)1780033
=035  \\$a(TestILS)c13180459-01asu_inst
=245  04$aThe Journal of the American Society of Chartered Life Underwriters.
=561  \\$aTESTINST1
=561  \\$aAZC
=583  \\$acommitted to retain$c20130521$dDecember 31, 2035$fTESTPROGRAM$fTESTPROGRAM Silver$uhttp://localhost/services/testprogram/docs/TESTPROGRAMProgramStatement.pdf
=583  \\$acompleteness reviewed$c20130521$fTESTPROGRAM$fTESTPROGRAM Silver$ivolume-level
=852  0\$aTESTINST1$bHDC$ctestprogram-trust
=866  30$80$a1(1946)-20(1966)
=868  30$80$a1(1946)-20(1966)

