=LDR  00827    a2200217 n 4500
=001  22815762620003841
=003  TestILS
=004  991020861099703841
=005  20210520081217.85
=007  ta
=008  1305300u\\\\0\\\0001ba\\\0\\\\\\\\\\\\\\
=014  1\$a4733851$bOCoLC
=022  \\$a0549-401X
=035  \\$a(OCoLC)4733851
=035  \\$a(TestILS)c13181737-01asu_inst
=245  00$6880-01$aNihon no bijutsu /$ckanshū Tōkyō Kokuritsu Hakubutsukan, Kyōto Kokuritsu Hakubutsukan, Nara Kokuritsu Hakubutsukan.
=561  \\$aTESTINST1
=583  \\$acommitted to retain$c20130530$dDecember 31, 2035$fTESTPROGRAM$fTESTPROGRAM Gold$uhttp://localhost/services/testprogram/docs/TESTPROGRAMProgramStatement.pdf
=583  \\$acompleteness reviewed$c20130530$fTESTPROGRAM$fTESTPROGRAM Gold$iissue-level$lmissing issues$zmissing issues no.1-2, 5-12, 14-62, 64-115, 117-475
=583  \\$acondition reviewed$c20130530$fTESTPROGRAM$fTESTPROGRAM Gold$iissue-level
=852  0\$aTESTINST1$bHDC$ctestprogram-trust
=866  30$80$ano.3-4(1966), 13(1967), 63(1971), 116(1976)

