=LDR  00765nx  a22001931n 4500
=003  TestILS
=004  991025034919703841
=007  ta
=001  221132358230003841
=008  1912315u\\\\0\\\0000ba\\\0\\\\\\
=005  20210520081217.43
=022  \\$a1083-9380
=035  \\$a(OCoLC)26326463
=245  10$aAudits of finance companies (including independent and captive financing activities of other companies)
=583  \\$acommitted to retain$c20191231$dDecember 31, 2035$fTESTPROGRAM$fTESTPROGRAM Gold$uhttp://localhost/services/testprogram/docs/TESTPROGRAMProgramStatement.pdf
=583  \\$acompleteness reviewed$c20191231$fTESTPROGRAM$fTESTPROGRAM Gold$iissue level$lmissing issues$z(1989)-(1991), (1995), (1998), (2001)-(2003)
=583  \\$acondition reviewed$c20191231$fTESTPROGRAM$fTESTPROGRAM Gold$iissue level
=561  \\$aTESTINST1
=852  0\$aTESTINST1$bHDC$ctestprogram-trust$hHF5686.C495$iA93
=866  30$80$a(1988), (1992)-(1994), (1996)-(1997), (1999)-(2000)

