=LDR  00656nx  a22001931n 4500
=003  TestILS
=004  991011841849703841
=007  ta
=001  221153822850003841
=008  2105115u\\\\0\\\0000ba\\\0\\\\\\
=005  20210520081217.37
=022  \\$a0420-073X
=035  \\$a(OCoLC)1833483
=245  10$aDissertation abstracts.$nB,$pThe sciences and engineering.
=583  \\$acommitted to retain$c20210511$d20351231$fTESTPROGRAM$fTESTPROGRAM Gold$uhttp://localhost/services/testprogram/docs/TESTPROGRAMProgramStatement.pdf
=583  \\$acompleteness reviewed$c20210511$fTESTPROGRAM$fTESTPROGRAM Gold$iissue level
=583  \\$acondition reviewed$c20210511$fTESTPROGRAM$fTESTPROGRAM Gold$iissue level
=561  \\$aTESTINST1
=852  0\$aTESTINST1$bHDC$ctestprogram-trust$hAC801$i.D544x
=866  30$80$a27(1967)-29(1969)

