=LDR  00667nx  a22001931n 4500
=003  TestILS
=004  991011801119703841
=007  ta
=001  221134578020003841
=008  1912315u\\\\0\\\0000ba\\\0\\\\\\
=005  20210520081217.98
=022  \\$a0090-9076
=035  \\$a(OCoLC)1785643
=245  10$aBiographical directory of the American Psychological Association.
=583  \\$acommitted to retain$c20191231$dDecember 31, 2035$fTESTPROGRAM$fTESTPROGRAM Gold$uhttp://localhost/services/testprogram/docs/TESTPROGRAMProgramStatement.pdf
=583  \\$acompleteness reviewed$c20191231$fTESTPROGRAM$fTESTPROGRAM Gold$iissue level
=583  \\$acondition reviewed$c20191231$fTESTPROGRAM$fTESTPROGRAM Gold$iissue level
=561  \\$aTESTINST1
=852  0\$aTESTINST1$bHDC$ctestprogram-trust$hBF11$i.A67
=866  30$80$a(1970), (1973), (1975)

