=LDR  00675ny  a22002053n 4500
=001  22830762940003841
=003  TestILS
=004  991003045179703841
=005  20210520081218.08
=007  ta
=008  1206250u\\\\0\\\0001ba\\\0\\\\\\\\\\\\\\
=014  1\$a36673770$bOCoLC
=022  \\$a1053-4180
=035  \\$a(OCoLC)36673770
=035  \\$a(TestILS)c12806638-01asu_inst
=245  00$aEnvironmental history review :$bEHR.
=561  \\$aUBY
=583  \\$acommitted to retain$c20120625$dDecember 31, 2035$fTESTPROGRAM$fTESTPROGRAM Silver$uhttp://localhost/services/testprogram/docs/TESTPROGRAMProgramStatement.pdf
=583  \\$acompleteness reviewed$c20120625$fTESTPROGRAM$fTESTPROGRAM Silver$ivolume-level
=852  0\$aTESTINST1$bHDC$ctestprogram-trust$hGF1$i.E59
=866  30$80$a14(1990)-19(1995)

