=LDR  00790    a2200229 n 4500
=001  22823252700003841
=003  TestILS
=004  991011777309703841
=005  20210520081217.57
=007  ta
=008  1605010u\\\\0\\\0001ba\\\0\\\\\\\\\\\\\\
=014  1\$a1780355$bOCoLC
=022  \\$a0035-211X
=035  \\$a(OCoLC)1780355
=035  \\$a(TestILS)c13785680-01asu_inst
=245  00$aRevue des langues vivantes =$bTijdschrift voor levende talen.
=561  \\$aTESTINST1
=561  \\$aCUZ
=583  \\$acommitted to retain$c20160501$dDecember 31, 2035$fTESTPROGRAM$fTESTPROGRAM Gold$uhttp://localhost/services/testprogram/docs/TESTPROGRAMProgramStatement.pdf
=583  \\$acompleteness reviewed$c20160501$fTESTPROGRAM$fTESTPROGRAM Gold$iissue-level$lReprints$zReprints v.1-2
=583  \\$acondition reviewed$c20160501$fTESTPROGRAM$fTESTPROGRAM Gold$iissue-level
=852  0\$aTESTINST1$bHDC$ctestprogram-trust$hPB5$i.R472x
=866  30$80$a1(1935)-45(1979)

