=LDR  00652nx  a22001931n 4500
=003  TestILS
=004  991020801959703841
=007  ta
=001  221155098340003841
=008  2104185u\\\\0\\\0000ba\\\0\\\\\\
=005  20210520081217.83
=022  \\$a0162-6272
=035  \\$a(OCoLC)4181518
=245  00$aOpiniones latinoamericanas.
=583  \\$acommitted to retain$c20210418$d20351231$fTESTPROGRAM$fTESTPROGRAM Gold$uhttp://localhost/services/testprogram/docs/TESTPROGRAMProgramStatement.pdf
=583  \\$acompleteness reviewed$c20210418$fTESTPROGRAM$fTESTPROGRAM Gold$iissue level
=583  \\$acondition reviewed$c20210418$fTESTPROGRAM$fTESTPROGRAM Gold$iissue level
=561  \\$aTESTINST1
=852  0\$aTESTINST1$bHDC$ctestprogram-trust$hF1401$i.O65
=866  30$80$a1(1978)-2(1979)

