=LDR  00746nx  a22001931n 4500
=003  TestILS
=004  991037135639703841
=007  ta
=001  221159187930003841
=008  2102185u\\\\0\\\0000ba\\\0\\\\\\
=005  20210520081217.99
=022  \\$a0887-5170
=035  \\$a(OCoLC)13295749
=245  00$aHayden's Ferry review.
=583  \\$acommitted to retain$c20210218$d20351231$fTESTPROGRAM$fTESTPROGRAM Gold$uhttp://localhost/services/testprogram/docs/TESTPROGRAMProgramStatement.pdf
=583  \\$acompleteness reviewed$c20210218$fTESTPROGRAM$fTESTPROGRAM Gold$iissue level$lmissing issues$zmissing no.35, 38-46
=583  \\$acondition reviewed$c20210218$fTESTPROGRAM$fTESTPROGRAM Gold$iissue level
=561  \\$aTESTINST1
=852  0\$aTESTINST1$bHDC$ctestprogram-trust$hPS536.2$i.H3x
=866  30$80$ano. 1(1986)-34(2004), 36(2005)-37(2005/2006), 47(2010/2011)-57(2015)

