=LDR  00730    a2200217 n 4500
=001  22820810470003841
=003  TestILS
=004  991027129999703841
=005  20210520081217.69
=007  ta
=008  1505270u\\\\0\\\0001ba\\\0\\\\\\\\\\\\\\
=014  1\$a7219255$bOCoLC
=022  0\$a0275-7915
=035  \\$a(OCoLC)7219255
=035  \\$a(TestILS)c13606219-01asu_inst
=245  00$aAdvances in irrigation.
=561  \\$aTESTINST1
=583  \\$acommitted to retain$c20150527$dDecember 31, 2035$fTESTPROGRAM$fTESTPROGRAM Gold$uhttp://localhost/services/testprogram/docs/TESTPROGRAMProgramStatement.pdf
=583  \\$acompleteness reviewed$c20150527$fTESTPROGRAM$fTESTPROGRAM Gold$iissue-level
=583  \\$acondition reviewed$c20150527$fTESTPROGRAM$fTESTPROGRAM Gold$iissue-level
=852  0\$aTESTINST1$bHDC$ctestprogram-trust
=866  30$80$a1(1982)-4(1987)

