=LDR  00705nx  a22001931n 4500
=003  TestILS
=004  991048350498503841
=007  ta
=001  221098774950003841
=008  1801165u\\\\0\\\0000ba\\\0\\\\\\
=005  20210520081217.93
=022  \\$a0730-997X
=035  \\$a(OCoLC)2280592
=245  00$aForecast.
=583  \\$acommitted to retain$c20180116$dDecember 31, 2035$fTESTPROGRAM$fTESTPROGRAM Gold$uhttp://localhost/services/testprogram/docs/TESTPROGRAMProgramStatement.pdf
=583  \\$acompleteness reviewed$c20180116$fTESTPROGRAM$fTESTPROGRAM Gold$iissue level$lmissing issues$zmissing v.1(1910)-54(1938)
=583  \\$acondition reviewed$c20180116$fTESTPROGRAM$fTESTPROGRAM Gold$iissue level
=561  \\$aNTD
=852  0\$aTESTINST1$bHDC$ctestprogram-trust$hTX341$i.F7
=866  30$80$a55, no.1-6(1939)

