=LDR  00717ny  a22002173n 4500
=001  22900875470003841
=003  TestILS
=004  991011613059703841
=005  20210520081217.90
=007  ta
=008  1305290u\\\\0\\\0001ba\\\0\\\\\\\\\\\\\\
=014  1\$a1640621$bOCoLC
=022  0\$a0022-4154
=035  \\$a(OCoLC)1640621
=035  \\$a(TestILS)c13181397-01asu_inst
=245  00$aJournal of rehabilitation.
=561  \\$aTESTINST1
=561  \\$aKKS
=583  \\$acommitted to retain$c20130529$dDecember 31, 2035$fTESTPROGRAM$fTESTPROGRAM Silver$uhttp://localhost/services/testprogram/docs/TESTPROGRAMProgramStatement.pdf
=583  \\$acompleteness reviewed$c20130529$fTESTPROGRAM$fTESTPROGRAM Silver$ivolume-level$lReprints$lvols.11-20, 22 Reprints
=852  0\$aTESTINST1$bHDC$ctestprogram-trust
=866  30$80$a11(1945)-72(2006)

