=LDR  00702    a2200205 n 4500
=001  22871341790003841
=003  TestILS
=004  991011863809703841
=005  20210520081217.38
=007  ta
=008  1605010u\\\\0\\\0001ba\\\0\\\\\\\\\\\\\\
=014  1\$a2062577$bOCoLC
=035  \\$a(OCoLC)2062577
=035  \\$a(TestILS)c13786842-01asu_inst
=245  00$aAERT journal.
=561  \\$aTESTINST1
=583  \\$acommitted to retain$c20160501$dDecember 31, 2035$fTESTPROGRAM$fTESTPROGRAM Gold$uhttp://localhost/services/testprogram/docs/TESTPROGRAMProgramStatement.pdf
=583  \\$acompleteness reviewed$c20160501$fTESTPROGRAM$fTESTPROGRAM Gold$iissue-level
=583  \\$acondition reviewed$c20160501$fTESTPROGRAM$fTESTPROGRAM Gold$iissue-level
=852  0\$aTESTINST1$bHDC$ctestprogram-trust
=866  30$80$a16(1956/1957)

