=LDR  00737nx  a22001811n 4500
=003  TestILS
=004  991019890079703841
=007  ta
=001  221129620280003841
=008  1910315u\\\\0\\\0000ba\\\0\\\\\\
=005  20210520081217.82
=035  \\$a(OCoLC)3817957
=245  00$aMicrotecnic.
=583  \\$acommitted to retain$c20191031$dDecember 31, 2035$fTESTPROGRAM$fTESTPROGRAM Gold$uhttp://localhost/services/testprogram/docs/TESTPROGRAMProgramStatement.pdf
=583  \\$acompleteness reviewed$c20191031$fTESTPROGRAM$fTESTPROGRAM Gold$iissue level$lmissing issues$zmissing v.8(1954)-12(1958), v.26:1(1972); (1976)-(1991); 1995+
=583  \\$acondition reviewed$c20191031$fTESTPROGRAM$fTESTPROGRAM Gold$iissue level
=561  \\$aTESTINST1
=852  0\$aTESTINST1$bHDC$ctestprogram-trust$hTK7800$i.M542x
=866  30$80$a1(1947)-7(1953), 13(1959)-28(1974)

