=LDR  00658nx  a22001931n 4500
=003  TestILS
=004  991033896389703841
=007  ta
=001  221171326750003841
=008  2105170u\\\\0\\\0000ba\\\0\\\\\\
=005  20210520081218.01
=022  \\$a0752-5729
=035  \\$a(OCoLC)11278708
=245  03$aLa Recherche en danse.
=583  \\$acommitted to retain$c20210514$d20351231$fTESTPROGRAM$fTESTPROGRAM Gold$uhttp://localhost/services/testprogram/docs/TESTPROGRAMProgramStatement.pdf
=583  \\$acompleteness reviewed$c20210514$fTESTPROGRAM$fTESTPROGRAM Gold$iissue level
=583  \\$acondition reviewed$c20210514$fTESTPROGRAM$fTESTPROGRAM Gold$iissue level
=561  \\$aTESTINST1
=852  0\$aTESTINST1$bHDC$ctestprogram-trust$hGV1580$i.R43
=866  30$80$ano. 1(1982)-4(1988)

