=LDR  00651ny  a22001933n 4500
=001  22816278290003841
=003  TestILS
=004  991028910569703841
=005  20210520081218.19
=007  ta
=008  1410080u\\\\0\\\0001ba\\\0\\\\\\\\\\\\\\
=014  1\$a8392352$bOCoLC
=035  \\$a(OCoLC)8392352
=035  \\$a(TestILS)c1354701x-01asu_inst
=245  00$aArizona business bulletin.
=561  \\$aTESTINST1
=583  \\$acommitted to retain$c20141008$dDecember 31, 2035$fTESTPROGRAM$fTESTPROGRAM Silver$uhttp://localhost/services/testprogram/docs/TESTPROGRAMProgramStatement.pdf
=583  \\$acompleteness reviewed$c20141008$fTESTPROGRAM$fTESTPROGRAM Silver$ivolume-level
=852  0\$aTESTINST1$bHDC$ctestprogram-trust$hHC107.A6$iA766
=866  30$80$a2(1955)-18(1971)

