=LDR  00578nx  a22001691n 4500
=003  TestILS
=004  991011632229703841
=007  ta
=001  221114406310003841
=008  1908080u\\\\0\\\0000ba\\\0\\\\\\
=005  20210520081217.60
=035  \\$a(OCoLC)1645561
=245  00$aEconomic surveys by the OECD.$pGreece.
=583  \\$acommitted to retain$c20190808$dDecember 31, 2035$fTESTPROGRAM$fTESTPROGRAM Silver$uhttp://localhost/services/testprogram/docs/TESTPROGRAMProgramStatement.pdf
=583  \\$acompleteness reviewed$c20190808$fTESTPROGRAM$fTESTPROGRAM Silver$ivolume level
=561  \\$aTESTINST1
=852  0\$aTESTINST1$bHDC$ctestprogram-trust$hHC291$i.O73
=866  30$80$a(1962)-(1964), (1966)-(1967)

