=LDR  00691ny  a22002173n 4500
=001  22827363840003841
=003  TestILS
=004  991035477249703841
=005  20210520081218.01
=007  ta
=008  1505010u\\\\0\\\0001ba\\\0\\\\\\\\\\\\\\
=014  1\$a11836292$bOCoLC
=022  0\$a0884-8335
=030  \\$aECOBEZ$zESIBAB
=035  \\$a(OCoLC)11836292
=035  \\$a(TestILS)c13596627-01asu_inst
=245  00$aEconomics and business.
=561  \\$aTESTINST1
=583  \\$acommitted to retain$c20150501$dDecember 31, 2035$fTESTPROGRAM$fTESTPROGRAM Silver$uhttp://localhost/services/testprogram/docs/TESTPROGRAMProgramStatement.pdf
=583  \\$acompleteness reviewed$c20150501$fTESTPROGRAM$fTESTPROGRAM Silver$ivolume-level
=852  0\$aTESTINST1$bHDC$ctestprogram-trust
=866  30$80$a29(1984/1986)

