=LDR  00741    a2200217 n 4500
=001  22970613450003841
=003  TestILS
=004  991020813729703841
=005  20210520081217.83
=007  ta
=008  1705080u\\\\0\\\0001ba\\\0\\\\\\\\\\\\\\
=014  1\$a4287237$bOCoLC
=022  \\$a0184-7945
=035  \\$a(OCoLC)4287237
=035  \\$a(TestILS)c14125079-01asu_inst
=245  02$aL'Année politique économique, sociale et diplomatique en France.
=561  \\$aTESTINST1
=583  \\$acommitted to retain$c20170508$dDecember 31, 2035$fTESTPROGRAM$fTESTPROGRAM Gold$uhttp://localhost/services/testprogram/docs/TESTPROGRAMProgramStatement.pdf
=583  \\$acompleteness reviewed$c20170508$fTESTPROGRAM$fTESTPROGRAM Gold$iissue-level
=583  \\$acondition reviewed$c20170508$fTESTPROGRAM$fTESTPROGRAM Gold$iissue-level
=852  0\$aTESTINST1$bHDC$ctestprogram-trust$hDC398$i.A6
=866  30$80$a(1963)-(1978)

