=LDR  00849nx  a22001931n 4500
=003  TestILS
=004  991022849829703841
=007  ta
=001  221153823040003841
=008  2105045u\\\\0\\\0000ba\\\0\\\\\\
=005  20210520081218.13
=022  \\$a0730-6784
=035  \\$a(OCoLC)5169825
=245  00$aAir Force magazine.
=583  \\$acommitted to retain$c20210504$d20351231$fTESTPROGRAM$fTESTPROGRAM Gold$uhttp://localhost/services/testprogram/docs/TESTPROGRAMProgramStatement.pdf
=583  \\$acompleteness reviewed$c20210504$fTESTPROGRAM$fTESTPROGRAM Gold$iissue level$lmissing issues$zmissing v.59:7(1976), v.75:7(1992)$lmissing pages$zv.65:2(1982), v.82:4(1999) missing pages
=583  \\$acondition reviewed$c20210504$fTESTPROGRAM$fTESTPROGRAM Gold$iissue level$lmissing issue covers$zv.54:8(1971), v.56:11(1973), v.74:9(1991) missing issue covers
=561  \\$aTESTINST1
=852  0\$aTESTINST1$bHDC$ctestprogram-trust$hUG633$i.A65
=866  30$80$a54(1971)-98(2015)

