=LDR  00695ny  a22001933n 4500
=001  22921808410003841
=003  TestILS
=004  991027655139703841
=005  20210520081217.81
=007  ta
=008  1501070u\\\\0\\\0001ba\\\0\\\\\\\\\\\\\\
=014  1\$a5923799$bOCoLC
=035  \\$a(OCoLC)5923799
=035  \\$a(TestILS)c13564791-01asu_inst
=245  04$aThe Review of the Society of Residential Appraisers.
=561  \\$aIYU
=583  \\$acommitted to retain$c20150107$dDecember 31, 2035$fTESTPROGRAM$fTESTPROGRAM Silver$uhttp://localhost/services/testprogram/docs/TESTPROGRAMProgramStatement.pdf
=583  \\$acompleteness reviewed$c20150107$fTESTPROGRAM$fTESTPROGRAM Silver$ivolume-level$lmissing volumes$zmissing vols. 2-15
=852  0\$aTESTINST1$bHDC$ctestprogram-trust$hHD1387.A1$iR4x
=866  30$80$a16(1950)-22, no.9(1956)

