=LDR  00810    a2200229 n 4500
=001  22843518610003841
=003  TestILS
=004  991040086709703841
=005  20210520081217.55
=007  ta
=008  1505060u\\\\0\\\0001ba\\\0\\\\\\\\\\\\\\
=014  1\$a17969827$bOCoLC
=022  0\$a1046-1493
=035  \\$a(OCoLC)17969827
=035  \\$a(TestILS)c13597528-01asu_inst
=245  00$aEPIEgram.
=561  \\$aTESTINST1
=561  \\$aORZ
=583  \\$acommitted to retain$c20150506$dDecember 31, 2035$fTESTPROGRAM$fTESTPROGRAM Gold$uhttp://localhost/services/testprogram/docs/TESTPROGRAMProgramStatement.pdf
=583  \\$acompleteness reviewed$c20150506$fTESTPROGRAM$fTESTPROGRAM Gold$iissue-level$lmissing issues$zmissing v.16:9; v.20:4
=583  \\$acondition reviewed$c20150506$fTESTPROGRAM$fTESTPROGRAM Gold$iissue-level
=852  0\$aTESTINST1$bHDC$ctestprogram-trust$hLB3044$i.E654x
=866  30$80$a16(1988)-20(1993)

