=LDR  00865    a2200229 n 4500
=001  22961603470003841
=003  TestILS
=004  991011720299703841
=005  20210520081217.88
=007  ta
=008  1605010u\\\\0\\\0001ba\\\0\\\\\\\\\\\\\\
=014  1\$a1762966$bOCoLC
=022  \\$a0079-6638$l0079-6638
=030  \\$aPOPTAN
=035  \\$a(OCoLC)1762966
=035  \\$a(TestILS)c13790973-01asu_inst
=245  00$aProgress in optics.
=561  \\$aTESTINST1
=583  \\$acommitted to retain$c20160501$dDecember 31, 2035$fTESTPROGRAM$fTESTPROGRAM Gold$uhttp://localhost/services/testprogram/docs/TESTPROGRAMProgramStatement.pdf
=583  \\$acompleteness reviewed$c20160501$fTESTPROGRAM$fTESTPROGRAM Gold$iissue-level$lmissing volumes$zmissing v.13
=583  \\$acondition reviewed$c20160501$fTESTPROGRAM$fTESTPROGRAM Gold$iissue-level$lmarginalia$zv.6 lots of pencil marks
=852  0\$aTESTINST1$bHDC$ctestprogram-trust$hQC351$i.P7
=866  30$80$a1(1961)-12(1974), 14(1976)-48(2005)

