=LDR  00678nx  a22001931n 4500
=003  TestILS
=004  991045927619703841
=007  ta
=001  221044114650003841
=008  1701101u\\\\0\\\0001ba\\\0\\\\\\
=005  20210520081217.73
=022  \\$a0192-7167
=035  \\$a(OCoLC)48069353
=245  00$aMergent OTC industrial manual.
=583  \\$acommitted to retain$c20171101$dDecember 31, 2035$fTESTPROGRAM$fTESTPROGRAM Gold$uhttp://localhost/services/testprogram/docs/TESTPROGRAMProgramStatement.pdf
=583  \\$acompleteness reviewed$c20171101$fTESTPROGRAM$fTESTPROGRAM Gold$iissue-level
=583  \\$acondition reviewed$c20171101$fTESTPROGRAM$fTESTPROGRAM Gold$iissue-level$lmissing covers
=561  \\$aTESTINST1
=852  0\$aTESTINST1$bHDC$ctestprogram-trust$hHG4961 .M7237
=866  30$80$a(2001)-(2010)

