=LDR  00730    a2200217 n 4500
=001  22932191910003841
=003  TestILS
=004  991004844899703841
=005  20210520081218.09
=007  ta
=008  1405080u\\\\0\\\0001ba\\\0\\\\\\\\\\\\\\
=014  1\$a23353016$bOCoLC
=022  \\$a1017-8716
=035  \\$a(OCoLC)23353016
=035  \\$a(TestILS)c13402729-01asu_inst
=245  00$aChina's military, the PLA in ...
=561  \\$aTESTINST1
=583  \\$acommitted to retain$c20140508$dDecember 31, 2035$fTESTPROGRAM$fTESTPROGRAM Gold$uhttp://localhost/services/testprogram/docs/TESTPROGRAMProgramStatement.pdf
=583  \\$acompleteness reviewed$c20140508$fTESTPROGRAM$fTESTPROGRAM Gold$iissue-level
=583  \\$acondition reviewed$c20140508$fTESTPROGRAM$fTESTPROGRAM Gold$iissue-level
=852  0\$aTESTINST1$bHDC$ctestprogram-trust
=866  30$80$a(1990)-(1993)

