=LDR  00652nx  a22001691n 4500
=003  TestILS
=004  991004874459703841
=007  ta
=001  221114887260003841
=008  1905310u\\\\0\\\0000ba\\\0\\\\\\
=005  20210520081218.16
=035  \\$a(OCoLC)24610515
=245  00$aOECD economic surveys.$pHungary /$cCentre for Co-operation with European Economies in Transition.
=583  \\$acommitted to retain$c20190531$dDecember 31, 2035$fTESTPROGRAM$fTESTPROGRAM Silver$uhttp://localhost/services/testprogram/docs/TESTPROGRAMProgramStatement.pdf
=583  \\$acompleteness reviewed$c20190531$fTESTPROGRAM$fTESTPROGRAM Silver$ivolume level$lmissing volumes$zmissing 1991
=561  \\$aTESTINST1
=852  0\$aTESTINST1$bHDC$ctestprogram-trust$hHC300.2$i.O33
=866  30$80$a(1993), (1995), (1997), (1999)-(2000), (2002), (2004)-(2005), (2007)

