=LDR  00666ny  a22002053n 4500
=001  22815296900003841
=003  TestILS
=004  991020851059703841
=005  20210520081217.85
=007  ta
=008  1505270u\\\\0\\\0001ba\\\0\\\\\\\\\\\\\\
=014  1\$a4648615$bOCoLC
=022  0\$a0190-2482
=035  \\$a(OCoLC)4648615
=035  \\$a(TestILS)c13605951-01asu_inst
=245  00$aWhite Cloud journal of American Indian/Alaska native mental health.
=561  \\$aTESTINST1
=583  \\$acommitted to retain$c20150527$dDecember 31, 2035$fTESTPROGRAM$fTESTPROGRAM Silver$uhttp://localhost/services/testprogram/docs/TESTPROGRAMProgramStatement.pdf
=583  \\$acompleteness reviewed$c20150527$fTESTPROGRAM$fTESTPROGRAM Silver$ivolume-level
=852  0\$aTESTINST1$bHDC$ctestprogram-trust
=866  30$80$a1(1978)-2, no.3(1981)

