=LDR  00726ny  a22002173n 4500
=001  22820150510003841
=003  TestILS
=004  991028933739703841
=005  20210520081218.20
=007  ta
=008  1206180u\\\\0\\\0001ba\\\0\\\\\\\\\\\\\\
=014  1\$a8761834$bOCoLC
=022  \\$a0996-2743
=035  \\$a(OCoLC)8761834
=035  \\$a(TestILS)c12794156-01asu_inst
=245  00$aRevue d'histoire moderne et contemporaine.
=561  \\$aTESTINST1
=583  \\$acommitted to retain$c20120618$dDecember 31, 2035$fTESTPROGRAM$fTESTPROGRAM Silver$uhttp://localhost/services/testprogram/docs/TESTPROGRAMProgramStatement.pdf
=583  \\$acompleteness reviewed$c20120618$fTESTPROGRAM$fTESTPROGRAM Silver$ivolume-level$lreprints$zvol.1-19 reprints
=852  0\$aTESTINST1$bHDC$ctestprogram-trust
=866  30$80$a1(1899)-19(1914)
=868  30$80$a1(1899)-12(1909)

