=LDR  00696nx  a22001931n 4500
=003  TestILS
=004  991035491729703841
=007  ta
=001  221165002510003841
=008  2104290u\\\\0\\\0000ba\\\0\\\\\\
=005  20210520081218.02
=022  \\$a1053-802X
=035  \\$a(OCoLC)12208441
=245  04$aThe Zoological record search guide.
=583  \\$acommitted to retain$c20210429$d20351231$fTESTPROGRAM$fTESTPROGRAM Gold$uhttp://localhost/services/testprogram/docs/TESTPROGRAMProgramStatement.pdf
=583  \\$acompleteness reviewed$c20210429$fTESTPROGRAM$fTESTPROGRAM Gold$iissue level$lmissing issues$zmissing (2002/03)
=583  \\$acondition reviewed$c20210429$fTESTPROGRAM$fTESTPROGRAM Gold$iissue level
=561  \\$aTESTINST1
=852  0\$aTESTINST1$bHDC$ctestprogram-trust$hZ699.5.Z66$iZ66
=866  30$80$a115(1978)-135(1999)

