=LDR  00824    a2200229 n 4500
=001  22903157550003841
=003  TestILS
=004  991011609389703841
=005  20210520081217.90
=007  ta
=008  1605010u\\\\0\\\0001ba\\\0\\\\\\\\\\\\\\
=014  1\$a1639653$bOCoLC
=022  \\$a0010-2628
=035  \\$a(OCoLC)1639653
=035  \\$a(TestILS)c13792088-01asu_inst
=245  00$aCommentationes mathematicae Universitatis Carolinae.
=561  \\$aTESTINST1
=561  \\$aWYU
=583  \\$acommitted to retain$c20160501$dDecember 31, 2035$fTESTPROGRAM$fTESTPROGRAM Gold$uhttp://localhost/services/testprogram/docs/TESTPROGRAMProgramStatement.pdf
=583  \\$acompleteness reviewed$c20160501$fTESTPROGRAM$fTESTPROGRAM Gold$iissue-level$lmissing issues$zmissing v.3:1-3; v.4:1-2,4; v.5:1-3; v.6:1,3; v.7:1-2,4
=583  \\$acondition reviewed$c20160501$fTESTPROGRAM$fTESTPROGRAM Gold$iissue-level
=852  0\$aTESTINST1$bHDC$ctestprogram-trust
=866  30$80$a1(1960)-46(2005)

