=LDR  00961    a2200229 n 4500
=001  22905281460003841
=003  TestILS
=004  991017352989703841
=005  20210520081218.19
=007  ta
=008  1505010u\\\\0\\\0001ba\\\0\\\\\\\\\\\\\\
=014  1\$a1663373$bOCoLC
=022  \\$a0190-4701
=035  \\$a(OCoLC)1663373
=035  \\$a(TestILS)c13578200-01asu_inst
=245  00$aFurman studies.
=561  \\$aTESTINST1
=561  \\$aIYU
=583  \\$acommitted to retain$c20150501$dDecember 31, 2035$fTESTPROGRAM$fTESTPROGRAM Gold$uhttp://localhost/services/testprogram/docs/TESTPROGRAMProgramStatement.pdf
=583  \\$acompleteness reviewed$c20150501$fTESTPROGRAM$fTESTPROGRAM Gold$iissue-level$lmissing volumes$zmissing vols. 18-19, 23$lmissing issues$zpossibly missing issues v.1 issue 1; v.2 issue 1; v.15 issue 2; v.16 issue 1; v.17 issues 1-5; v.20 issues 1
=583  \\$acondition reviewed$c20150501$fTESTPROGRAM$fTESTPROGRAM Gold$iissue-level
=852  0\$aTESTINST1$bHDC$ctestprogram-trust
=866  30$80$a(1949)-(1952); (1954)-(1970), (1972)-(1989), (1994)-(1997)

