=LDR  00644nx  a22001931n 4500
=003  TestILS
=004  991025123649703841
=007  ta
=001  221155099380003841
=008  2104185u\\\\0\\\0000ba\\\0\\\\\\
=005  20210520081217.42
=022  \\$a2643-5659
=035  \\$a(OCoLC)6753516
=245  00$aFilm/psychology review.
=583  \\$acommitted to retain$c20210418$d20351231$fTESTPROGRAM$fTESTPROGRAM Gold$uhttp://localhost/services/testprogram/docs/TESTPROGRAMProgramStatement.pdf
=583  \\$acompleteness reviewed$c20210418$fTESTPROGRAM$fTESTPROGRAM Gold$iissue level
=583  \\$acondition reviewed$c20210418$fTESTPROGRAM$fTESTPROGRAM Gold$iissue level
=561  \\$aTESTINST1
=852  0\$aTESTINST1$bHDC$ctestprogram-trust$hNX165$i.P8x
=866  30$80$a4(1980)

