=LDR  00684ny  a22002053n 4500
=001  22921568740003841
=003  TestILS
=004  991015748099703841
=005  20210520081218.10
=007  ta
=008  1404160u\\\\0\\\0001ba\\\0\\\\\\\\\\\\\\
=014  1\$a48880319$bOCoLC
=022  0\$a1538-5914
=035  \\$a(OCoLC)48880319
=035  \\$a(TestILS)c13382123-01asu_inst
=245  00$aPhi Kappa Phi forum.
=561  \\$aTESTINST1
=583  \\$acommitted to retain$c20140416$dDecember 31, 2035$fTESTPROGRAM$fTESTPROGRAM Silver$uhttp://localhost/services/testprogram/docs/TESTPROGRAMProgramStatement.pdf
=583  \\$acompleteness reviewed$c20140416$fTESTPROGRAM$fTESTPROGRAM Silver$ivolume-level
=852  0\$aTESTINST1$bHDC$ctestprogram-trust$hLJ85.P45$iA3
=866  30$80$a82(2002)-85, no 2(2005)

