=LDR  00648nx  a22001691n 4500
=003  TestILS
=004  991001687099703841
=007  ta
=001  221106346660003841
=008  1905090u\\\\0\\\0000ba\\\0\\\\\\
=005  20210520081217.78
=035  \\$a(OCoLC)19016160
=245  10$aAnnual report /$cJEA, Journalism Education Association.
=583  \\$acommitted to retain$c20190509$dDecember 31, 2035$fTESTPROGRAM$fTESTPROGRAM Silver$uhttp://localhost/services/testprogram/docs/TESTPROGRAMProgramStatement.pdf
=583  \\$acompleteness reviewed$c20190509$fTESTPROGRAM$fTESTPROGRAM Silver$ivolume level$lmissing volumes$zmissing no. 1(1965)-9(1973), 11(1975)-13(1977)
=561  \\$aTESTINST1
=852  0\$aTESTINST1$bHDC$ctestprogram-trust$hPN4712$i.J63x
=866  30$80$ano.10(1974), 14(1978)-16(1980)

