=LDR  00580ny  a22001933n 4500
=001  22815333070003841
=003  TestILS
=004  991028899499703841
=005  20210520081218.19
=007  ta
=008  1205040u\\\\0\\\0001ba\\\0\\\\\\\\\\\\\\
=014  1\$a8237858$bOCoLC
=022  0\$a0731-7085
=035  \\$a(OCoLC)8237858
=035  \\$a(TestILS)c12690697-01asu_inst
=245  00$aJournal of pharmaceutical and biomedical analysis.
=561  \\$aTESTINST1
=583  \\$acommitted to retain$c20120403$dDecember 31, 2035$fTESTPROGRAM$fTESTPROGRAM Bronze$uhttp://localhost/services/testprogram/docs/TESTPROGRAMProgramStatement.pdf
=852  0\$aTESTINST1$bHDC$ctestprogram-trust
=866  30$80$a1(1983)-11(1993)

