=LDR  00606nx  a22001691n 4500
=003  TestILS
=004  991022169439703841
=007  ta
=001  221157789380003841
=008  2012070u\\\\0\\\0000ba\\\0\\\\\\
=005  20210520081217.36
=035  \\$a(OCoLC)34729779
=245  00$aEmerging markets directory /$cInternational Finance Corporation.
=583  \\$acommitted to retain$c20201207$dDecember 31, 2035$fTESTPROGRAM$fTESTPROGRAM Silver$uhttp://localhost/services/testprogram/docs/TESTPROGRAMProgramStatement.pdf
=583  \\$acompleteness reviewed$c20201207$fTESTPROGRAM$fTESTPROGRAM Silver$ivolume level$lmissing volumes$zmissing (1998)-(1999)
=561  \\$aTESTINST1
=852  0\$aTESTINST1$bHDC$ctestprogram-trust$hHG3879$i.E54x
=866  30$80$a(1996)-(1997)

