=LDR  00769    a2200217 n 4500
=001  22911535440003841
=003  TestILS
=004  991030552629703841
=005  20210520081217.46
=007  ta
=008  1505060u\\\\0\\\0001ba\\\0\\\\\\\\\\\\\\
=014  1\$a8822978$bOCoLC
=022  0\$a0734-9041
=035  \\$a(OCoLC)8822978
=035  \\$a(TestILS)c13597280-01asu_inst
=245  00$aJournal of fire sciences.
=561  \\$aTESTINST1
=583  \\$acommitted to retain$c20150506$dDecember 31, 2035$fTESTPROGRAM$fTESTPROGRAM Gold$uhttp://localhost/services/testprogram/docs/TESTPROGRAMProgramStatement.pdf
=583  \\$acompleteness reviewed$c20150506$fTESTPROGRAM$fTESTPROGRAM Gold$iissue-level$lmissing volumes$zmissing vols. 12-23
=583  \\$acondition reviewed$c20150506$fTESTPROGRAM$fTESTPROGRAM Gold$iissue-level
=852  0\$aTESTINST1$bHDC$ctestprogram-trust
=866  30$80$a1(1983)-11(1993)

