=LDR  00691nx  a22001931n 4500
=003  TestILS
=004  991027179989703841
=007  ta
=001  221048189960003841
=008  1712205u\\\\0\\\0000ba\\\0\\\\\\
=005  20210520081217.80
=022  \\$a0326-2928
=035  \\$a(OCoLC)7699567
=245  00$aLetras de Buenos Aires.
=583  \\$acommitted to retain$c20171205$dDecember 31, 2035$fTESTPROGRAM$fTESTPROGRAM Gold$uhttp://localhost/services/testprogram/docs/TESTPROGRAMProgramStatement.pdf
=583  \\$acompleteness reviewed$c20171205$fTESTPROGRAM$fTESTPROGRAM Gold$iissue level
=583  \\$acondition reviewed$c20171205$fTESTPROGRAM$fTESTPROGRAM Gold$iissue level
=561  \\$aTESTINST1
=852  0\$aTESTINST1$bHDC$ctestprogram-trust$hPQ7600 .L47
=866  30$80$ano.1(1980)-50(2001)  ser.2 no.1(2003)-7(2005)

