=LDR  00862    a2200229 n 4500
=001  22957221720003841
=003  TestILS
=004  991014167159703841
=005  20210520081217.92
=007  ta
=008  1605010u\\\\0\\\0001ba\\\0\\\\\\\\\\\\\\
=014  1\$a2392773$bOCoLC
=022  0\$a0003-9136
=035  \\$a(OCoLC)2392773
=035  \\$a(TestILS)c13791965-01asu_inst
=245  00$aArchiv für Hydrobiologie.
=561  \\$aTESTINST1
=561  \\$aORE
=583  \\$acommitted to retain$c20160501$dDecember 31, 2035$fTESTPROGRAM$fTESTPROGRAM Gold$uhttp://localhost/services/testprogram/docs/TESTPROGRAMProgramStatement.pdf
=583  \\$acompleteness reviewed$c20160501$fTESTPROGRAM$fTESTPROGRAM Gold$iissue-level$lmissing volumes$zmissing v.12-13, 15-26, 37-40, 44-47$lmissing issues$zmissing  v.121:4; v.125:3-4; v.156:3
=583  \\$acondition reviewed$c20160501$fTESTPROGRAM$fTESTPROGRAM Gold$iissue-level
=852  0\$aTESTINST1$bHDC$ctestprogram-trust
=866  30$80$a12(1920)-164(2005)

