=LDR  00636nx  a22001811n 4500
=003  TestILS
=004  991016545899703841
=007  ta
=001  221114788380003841
=008  1908140u\\\\0\\\0000ba\\\0\\\\\\
=005  20210520081218.18
=022  \\$a0156-5419
=035  \\$a(OCoLC)3304693
=245  00$aSydney studies in English.
=583  \\$acommitted to retain$c20190814$dDecember 31, 2035$fTESTPROGRAM$fTESTPROGRAM Silver$uhttp://localhost/services/testprogram/docs/TESTPROGRAMProgramStatement.pdf
=583  \\$acompleteness reviewed$c20190814$fTESTPROGRAM$fTESTPROGRAM Silver$ivolume level$lmissing volumes$zmissing 19(1994?)-32(2006)
=561  \\$aTESTINST1
=852  0\$aTESTINST1$bHDC$ctestprogram-trust$hPR1$i.S98x
=866  30$80$a1(1975)-18(1993)

