=LDR  00665nx  a22001931n 4500
=003  TestILS
=004  991022860899703841
=007  ta
=001  221147438920003841
=008  2005315u\\\\0\\\0000ba\\\0\\\\\\
=005  20210520081218.14
=022  \\$a0170-3730
=035  \\$a(OCoLC)5305521
=245  00$aHermannstrasse 14 /$cHalbjahrsschrift für Literatur herausgegeben von Helmut Heissenbüttel und Bernd Jentzsch.
=583  \\$acommitted to retain$c20200531$dDecember 31, 2035$fTESTPROGRAM$fTESTPROGRAM Gold$uhttp://localhost/services/testprogram/docs/TESTPROGRAMProgramStatement.pdf
=583  \\$acompleteness reviewed$c20200531$fTESTPROGRAM$fTESTPROGRAM Gold$iissue level
=583  \\$acondition reviewed$c20200531$fTESTPROGRAM$fTESTPROGRAM Gold$iissue level
=561  \\$aTESTINST1
=852  0\$aTESTINST1$bHDC$ctestprogram-trust$hPT1141.A2$iH47x
=866  30$80$a1(1978)-6(1981)

