=LDR  00778ny  a22002413n 4500
=001  22846080130003841
=003  TestILS
=004  991011831149703841
=005  20210520081217.75
=007  ta
=008  1306130u\\\\0\\\0001ba\\\0\\\\\\\\\\\\\\
=014  1\$a1797870$bOCoLC
=022  \\$a0377-5437
=035  \\$a(OCoLC)1797870
=035  \\$a(TestILS)c1318541x-01asu_inst
=245  00$aSoutheast Asian affairs.
=561  \\$aTESTINST1
=561  \\$aUUM
=561  \\$aCCO
=561  \\$aWAU
=583  \\$acommitted to retain$c20130613$dDecember 31, 2035$fTESTPROGRAM$fTESTPROGRAM Silver$uhttp://localhost/services/testprogram/docs/TESTPROGRAMProgramStatement.pdf
=583  \\$acompleteness reviewed$c20130613$fTESTPROGRAM$fTESTPROGRAM Silver$ivolume-level$lmissing volumes$zmissing vols. for 1972-1973
=852  0\$aTESTINST1$bHDC$ctestprogram-trust$hDS502$i.S76
=866  30$80$a(1975)-(2005)

