=LDR  00803ny  a22002173n 4500
=001  22859512100003841
=003  TestILS
=004  991018826549703841
=005  20210520081217.65
=007  ta
=008  1605200u\\\\0\\\0001ba\\\0\\\\\\\\\\\\\\
=014  1\$a3603521$bOCoLC
=022  \\$a0023-0197
=035  \\$a(OCoLC)3603521
=035  \\$a(TestILS)c13832256-01asu_inst
=245  00$aKentucky English bulletin.
=561  \\$aTESTINST1
=583  \\$acommitted to retain$c20160520$dDecember 31, 2035$fTESTPROGRAM$fTESTPROGRAM Silver$uhttp://localhost/services/testprogram/docs/TESTPROGRAMProgramStatement.pdf
=583  \\$acompleteness reviewed$c20160520$fTESTPROGRAM$fTESTPROGRAM Silver$ivolume-level$lmissing volumes$zmissing v.1-5; v.v.6:2-3; v.7-17, .18:2-3;v.26:1-2; v.19-24; v.37:3
=852  0\$aTESTINST1$bHDC$ctestprogram-trust
=866  30$80$a6(1956), 18(1968), 25(1975)-37(1988)
=868  30$80$a1(1951)-33(1982)

