=LDR  00701nx  a22001931n 4500
=003  TestILS
=004  991020805339703841
=007  ta
=001  221128993260003841
=008  1908165u\\\\0\\\0000ba\\\0\\\\\\
=005  20210520081217.83
=022  \\$a0272-3395
=035  \\$a(OCoLC)4216659
=245  00$aMVMA motor vehicle facts & figures.
=583  \\$acommitted to retain$c20190923$dDecember 31, 2035$fTESTPROGRAM$fTESTPROGRAM Gold$uhttp://localhost/services/testprogram/docs/TESTPROGRAMProgramStatement.pdf
=583  \\$acompleteness reviewed$c20190923$fTESTPROGRAM$fTESTPROGRAM Gold$iissue level$lmissing issues$zmissing (1991)-(1992)
=583  \\$acondition reviewed$c20190923$fTESTPROGRAM$fTESTPROGRAM Gold$iissue level
=561  \\$aTESTINST1
=852  0\$aTESTINST1$bHDC$ctestprogram-trust$hHD9710.U5$iM6x
=866  30$80$a(1978)-(1990)

