=LDR  00619nx  a22001811n 4500
=003  TestILS
=004  991007527869703841
=007  ta
=001  221169449370003841
=008  2105040u\\\\0\\\0000ba\\\0\\\\\\
=005  20210520081217.49
=035  \\$a(OCoLC)26084729
=245  10$aWho's who in public relations. (United States and Canada).
=583  \\$acommitted to retain$c20210504$d20351231$fTESTPROGRAM$fTESTPROGRAM Gold$uhttp://localhost/services/testprogram/docs/TESTPROGRAMProgramStatement.pdf
=583  \\$acompleteness reviewed$c20210504$fTESTPROGRAM$fTESTPROGRAM Gold$iissue level
=583  \\$acondition reviewed$c20210504$fTESTPROGRAM$fTESTPROGRAM Gold$iissue level
=561  \\$aTESTINST1
=852  0\$aTESTINST1$bHDC$ctestprogram-trust$hHM263$i.W45
=866  30$80$a6(1992)

