=LDR  00757ny  a22002173n 4500
=001  22827961070003841
=003  TestILS
=004  991002631699703841
=005  20210520081218.08
=007  ta
=008  1206190u\\\\0\\\0001ba\\\0\\\\\\\\\\\\\\
=014  1\$a7695536$bOCoLC
=022  0\$a0899-8809$l0899-8809
=035  \\$a(OCoLC)7695536
=035  \\$a(TestILS)c12805841-01asu_inst
=245  00$aSun-Diamond grower.
=561  \\$aAZU
=583  \\$acommitted to retain$c20120619$dDecember 31, 2035$fTESTPROGRAM$fTESTPROGRAM Gold$uhttp://localhost/services/testprogram/docs/TESTPROGRAMProgramStatement.pdf
=583  \\$acompleteness reviewed$c20120619$fTESTPROGRAM$fTESTPROGRAM Gold$iissue-level
=583  \\$acondition reviewed$c20120619$fTESTPROGRAM$fTESTPROGRAM Gold$iissue-level
=852  0\$aTESTINST1$bHDC$ctestprogram-trust$hSB401.A2$iS96
=866  30$80$a1(1980)-16(1997)

