=LDR  00696nx  a22001931n 4500
=003  TestILS
=004  991028910139703841
=007  ta
=001  221147858790003841
=008  2006305u\\\\0\\\0000ba\\\0\\\\\\
=005  20210520081218.19
=022  \\$a0732-6637
=035  \\$a(OCoLC)8382676
=245  00$aLiterary magazine review.
=583  \\$acommitted to retain$c20200630$dDecember 31, 2035$fTESTPROGRAM$fTESTPROGRAM Gold$uhttp://localhost/services/testprogram/docs/TESTPROGRAMProgramStatement.pdf
=583  \\$acompleteness reviewed$c20200630$fTESTPROGRAM$fTESTPROGRAM Gold$iissue level$lmissing issues$zmissing v.1-4
=583  \\$acondition reviewed$c20200630$fTESTPROGRAM$fTESTPROGRAM Gold$iissue level
=561  \\$aTESTINST1
=852  0\$aTESTINST1$bHDC$ctestprogram-trust$hPN4878.3$i.L48
=866  30$80$a5(1986)-27(2011)

