=LDR  00695nx  a22001811n 4500
=003  TestILS
=004  991011892429703841
=007  ta
=001  221066547850003841
=008  1805140u\\\\0\\\0000ba\\\0\\\\\\
=005  20210520081217.66
=022  \\$a0098-3292
=035  \\$a(OCoLC)2240374
=245  00$aHospitality:$pRestaurant.
=583  \\$acommitted to retain$c20180514$dDecember 31, 2035$fTESTPROGRAM$fTESTPROGRAM Silver$uhttp://localhost/services/testprogram/docs/TESTPROGRAMProgramStatement.pdf
=583  \\$acompleteness reviewed$c20180514$fTESTPROGRAM$fTESTPROGRAM Silver$ivolume level$lmissing volumes$zmissing v.52:1-10; v.53:2-3,7-12; v.54:5-12; v.55:1-8,10-11; v.56:6-7,9,12; v.57-60
=561  \\$aTESTINST1
=852  0\$aTESTINST1$bHDC$ctestprogram-trust$hTX901 .H63x
=866  30$80$a52(1968)-56(1972)

