=LDR  00781ny  a22002173n 4500
=001  22960501260003841
=003  TestILS
=004  991021251579703841
=005  20210520081217.36
=007  ta
=008  1306030u\\\\0\\\0001ba\\\0\\\\\\\\\\\\\\
=014  1\$a19278361$bOCoLC
=022  0\$a1062-2942
=022  \\$a0889-6712
=035  \\$a(OCoLC)19278361
=035  \\$a(TestILS)c13182535-01asu_inst
=245  04$aThe Animals' voice magazine.
=561  \\$aTESTINST1
=583  \\$acommitted to retain$c20130603$dDecember 31, 2035$fTESTPROGRAM$fTESTPROGRAM Silver$uhttp://localhost/services/testprogram/docs/TESTPROGRAMProgramStatement.pdf
=583  \\$acompleteness reviewed$c20130603$fTESTPROGRAM$fTESTPROGRAM Silver$ivolume-level$lbinding patterns vary$zfor vols. 1-2 & 4-9, two volumes bound together as single piece
=852  0\$aTESTINST1$bHDC$ctestprogram-trust
=866  30$80$a1(1988)-9,no.3(1996)

