=LDR  00810    a2200229 n 4500
=001  22872664000003841
=003  TestILS
=004  991033192489703841
=005  20210520081218.04
=007  ta
=008  1605200u\\\\0\\\0001ba\\\0\\\\\\\\\\\\\\
=014  1\$a25277522$bOCoLC
=022  0\$a1061-3706$l1061-3706
=030  \\$aJCMNEE
=035  \\$a(OCoLC)25277522
=035  \\$a(TestILS)c1379467x-01asu_inst
=245  00$aJournal of case management.
=561  \\$aWAU
=583  \\$acommitted to retain$c20160520$dDecember 31, 2035$fTESTPROGRAM$fTESTPROGRAM Gold$uhttp://localhost/services/testprogram/docs/TESTPROGRAMProgramStatement.pdf
=583  \\$acompleteness reviewed$c20160520$fTESTPROGRAM$fTESTPROGRAM Gold$iissue-level$lmissing volumes$zmissing v.1-2
=583  \\$acondition reviewed$c20160520$fTESTPROGRAM$fTESTPROGRAM Gold$iissue-level
=852  0\$aTESTINST1$bHDC$ctestprogram-trust$hHV43$i.J68
=866  30$80$a3(1994)-7(1998)

