=LDR  00599nx  a22001811n 4500
=003  TestILS
=004  991028900009703841
=007  ta
=001  221068528980003841
=008  1805220u\\\\0\\\0000ba\\\0\\\\\\
=005  20210520081218.19
=022  \\$a0744-3897
=035  \\$a(OCoLC)8243653
=245  00$aHotels & restaurants international.
=583  \\$acommitted to retain$c20180522$dDecember 31, 2035$fTESTPROGRAM$fTESTPROGRAM Silver$uhttp://localhost/services/testprogram/docs/TESTPROGRAMProgramStatement.pdf
=583  \\$acompleteness reviewed$c20180522$fTESTPROGRAM$fTESTPROGRAM Silver$ivolume level
=561  \\$aTESTINST1
=852  0\$aTESTINST1$bHDC$ctestprogram-trust$hTX901$i.S19
=866  30$80$a20(1986)-23, no.9(1989)

