=LDR  00747ny  a22002413n 4500
=001  22845862900003841
=003  TestILS
=004  991011828319703841
=005  20210520081217.75
=007  ta
=008  1206260u\\\\0\\\0001ba\\\0\\\\\\\\\\\\\\
=014  1\$a1795987$bOCoLC
=022  \\$a0095-182X$l0095-182X
=030  \\$aAIQUEW
=035  \\$a(OCoLC)1795987
=035  \\$a(TestILS)c12807060-01asu_inst
=245  00$aAmerican Indian quarterly.
=561  \\$aTESTINST1
=561  \\$aCDS
=561  \\$aCUV
=583  \\$acommitted to retain$c20120626$dDecember 31, 2035$fTESTPROGRAM$fTESTPROGRAM Silver$uhttp://localhost/services/testprogram/docs/TESTPROGRAMProgramStatement.pdf
=583  \\$acompleteness reviewed$c20120626$fTESTPROGRAM$fTESTPROGRAM Silver$ivolume-level
=852  0\$aTESTINST1$bHDC$ctestprogram-trust$hE75$i.A547
=866  30$80$a1(1974)-29(2005)

