=LDR  00716nx  a22001931n 4500
=003  TestILS
=004  991011868489703841
=007  ta
=001  221147868910003841
=008  2006265u\\\\0\\\0000ba\\\0\\\\\\
=005  20210520081217.65
=022  \\$a0010-4523
=035  \\$a(OCoLC)2083094
=245  00$aComputer applications service.
=583  \\$acommitted to retain$c20200630$dDecember 31, 2035$fTESTPROGRAM$fTESTPROGRAM Gold$uhttp://localhost/services/testprogram/docs/TESTPROGRAMProgramStatement.pdf
=583  \\$acompleteness reviewed$c20200630$fTESTPROGRAM$fTESTPROGRAM Gold$iissue level$lmissing issues$zmissing v. 2(1963)-5(1965)
=583  \\$acondition reviewed$c20200630$fTESTPROGRAM$fTESTPROGRAM Gold$iissue level
=561  \\$aTESTINST1
=852  0\$aTESTINST1$bHDC$ctestprogram-trust$hHF5547.A2$iC6
=866  30$80$a1(1962), 6(1966)-8(1970)

