=LDR  00666nx  a22001931n 4500
=003  TestILS
=004  991011662829703841
=007  ta
=001  221068529530003841
=008  1805165u\\\\0\\\0000ba\\\0\\\\\\
=005  20210520081217.61
=022  \\$a0509-3007
=035  \\$a(OCoLC)1721789
=245  10$aAbridged final report of the ... session /$cWorld Meteorological Organization, Regional Association II (Asia).
=583  \\$acommitted to retain$c20180523$dDecember 31, 2035$fTESTPROGRAM$fTESTPROGRAM Gold$uhttp://localhost/services/testprogram/docs/TESTPROGRAMProgramStatement.pdf
=583  \\$acompleteness reviewed$c20180523$fTESTPROGRAM$fTESTPROGRAM Gold$iissue level
=583  \\$acondition reviewed$c20180523$fTESTPROGRAM$fTESTPROGRAM Gold$iissue level
=561  \\$aTESTINST1
=852  0\$aTESTINST1$bHDC$ctestprogram-trust$hQC851 .W6445
=866  30$80$ano.7(1980)-10(1992)

