=LDR  00714nx  a22001931n 4500
=003  TestILS
=004  991020822459703841
=007  ta
=001  221067246390003841
=008  1805140u\\\\0\\\0000ba\\\0\\\\\\
=005  20210520081217.84
=022  \\$a0163-4089
=035  \\$a(OCoLC)4369249
=245  00$aAmerican demographics.
=583  \\$acommitted to retain$c20180514$dDecember 31, 2035$fTESTPROGRAM$fTESTPROGRAM Silver$uhttp://localhost/services/testprogram/docs/TESTPROGRAMProgramStatement.pdf
=583  \\$acompleteness reviewed$c20180514$fTESTPROGRAM$fTESTPROGRAM Silver$ivolume level$lmissing volumes$zmissing v.14:6,8; v.16:1-5; v.17:10-11; v.20:5
=561  \\$aTESTINST1
=852  0\$aTESTINST1$bHDC$ctestprogram-trust$hHB881$i.A54x
=866  30$80$a1(1979)-26(2004)
=867  30$80$a10(1988)-13(1991), 17(1995)-26(2004)

