=LDR  00735ny  a22002053n 4500
=001  22838877180003841
=003  TestILS
=004  991011561549703841
=005  20210520081218.05
=007  ta
=008  1404160u\\\\0\\\0001ba\\\0\\\\\\\\\\\\\\
=014  1\$a1570657$bOCoLC
=022  0\$a0731-3292$l0731-3292
=035  \\$a(OCoLC)1570657
=035  \\$a(TestILS)c13396316-01asu_inst
=245  14$aThe geographical bulletin.
=561  \\$aTESTINST1
=583  \\$acommitted to retain$c20140416$dDecember 31, 2035$fTESTPROGRAM$fTESTPROGRAM Silver$uhttp://localhost/services/testprogram/docs/TESTPROGRAMProgramStatement.pdf
=583  \\$acompleteness reviewed$c20140416$fTESTPROGRAM$fTESTPROGRAM Silver$ivolume-level$lmissing volumes$zmissing vol. 10
=852  0\$aTESTINST1$bHDC$ctestprogram-trust$hG1$i.G43x
=866  30$80$a1(1970)-9(1974), 11(1975)-49(2008)

