=LDR  00644nx  a22001811n 4500
=003  TestILS
=004  991011622969703841
=007  ta
=001  221064212310003841
=008  1804300u\\\\0\\\0000ba\\\0\\\\\\
=005  20210520081217.91
=022  \\$a0025-2557
=035  \\$a(OCoLC)1643028
=245  00$aManufacturing chemist and aerosol news.
=583  \\$acommitted to retain$c20180430$dDecember 31, 2035$fTESTPROGRAM$fTESTPROGRAM Silver$uhttp://localhost/services/testprogram/docs/TESTPROGRAMProgramStatement.pdf
=583  \\$acompleteness reviewed$c20180430$fTESTPROGRAM$fTESTPROGRAM Silver$ivolume level$lmissing volumes$zmissing v.36 JUN; v.38 JUN; v.45-52
=561  \\$aTESTINST1
=852  0\$aTESTINST1$bHDC$ctestprogram-trust$hTP1 .M25
=866  30$80$a35(1964)-44(1973)

