=LDR  00938    a2200217 n 4500
=001  22903352190003841
=003  TestILS
=004  991011639119703841
=005  20210520081217.60
=007  ta
=008  1705080u\\\\0\\\0001ba\\\0\\\\\\\\\\\\\\
=014  1\$a1681425$bOCoLC
=022  \\$a0046-8967
=035  \\$a(OCoLC)1681425
=035  \\$a(TestILS)c14128561-01asu_inst
=245  00$aIndian affairs.
=561  \\$aTESTINST1
=583  \\$acommitted to retain$c20170508$dDecember 31, 2035$fTESTPROGRAM$fTESTPROGRAM Gold$uhttp://localhost/services/testprogram/docs/TESTPROGRAMProgramStatement.pdf
=583  \\$acompleteness reviewed$c20170508$fTESTPROGRAM$fTESTPROGRAM Gold$iissue-level$lmissing issues$zmissing no.4-8, 10, 14, 20, 27, 33, 121-131, 138, 158
=583  \\$acondition reviewed$c20170508$fTESTPROGRAM$fTESTPROGRAM Gold$iissue-level$lmissing pages$zno. 116 pages missing$lReprint$zno.95-97 photocopies
=852  0\$aTESTINST1$bHDC$ctestprogram-trust
=866  30$80$ano.1(1949)-120(1989), 132(1995)-137(1995), 139(1998)-157(2005), 159(2005)-160(2006)

