=LDR  00507ny  a22001693n 4500
=003  TestILS
=004  991013129499703841
=005  20210520081217.62
=001  221156616310003841
=007  ta
=008  2011130u\\\\0\\\0000ba\\\0\\\\\\
=022  \\$a1744-5485
=035  \\$a(OCoLC)60571850
=245  00$aInternational journal of bioinformatics research and applications.
=561  \\$aTESTINST1
=583  \\$acommitted to retain$c20201113$d20351231$fTESTPROGRAM$fTESTPROGRAM Bronze$uhttp://localhost/services/testprogram/docs/TESTPROGRAMProgramStatement.pdf
=852  0\$aTESTINST1$bHDC$ctestprogram-trust$hQH324.2$i.I5583
=866  30$80$a9(2013)-11(2015)

