=LDR  00749nx  a22001931n 4500
=003  TestILS
=004  991011663239703841
=007  ta
=001  221147849480003841
=008  2006255u\\\\0\\\0000ba\\\0\\\\\\
=005  20210520081217.61
=022  \\$a0364-8575$l0364-8575
=035  \\$a(OCoLC)1727149$z(OCoLC)233710$z(OCoLC)1253243$z(OCoLC)1774218
=245  04$aThe World this year.
=583  \\$acommitted to retain$c20200630$dDecember 31, 2035$fTESTPROGRAM$fTESTPROGRAM Gold$uhttp://localhost/services/testprogram/docs/TESTPROGRAMProgramStatement.pdf
=583  \\$acompleteness reviewed$c20200630$fTESTPROGRAM$fTESTPROGRAM Gold$iissue level$lmissing issues$zmissing (1974)+
=583  \\$acondition reviewed$c20200630$fTESTPROGRAM$fTESTPROGRAM Gold$iissue level
=561  \\$aTESTINST1
=852  0\$aTESTINST1$bHDC$ctestprogram-trust$hJF37$i.W65
=866  30$80$a(1971)-(1973)

