=LDR  00730    a2200217 n 4500
=001  22952299270003841
=003  TestILS
=004  991011680209703841
=005  20210520081218.12
=007  ta
=008  1505270u\\\\0\\\0001ba\\\0\\\\\\\\\\\\\\
=014  1\$a1753695$bOCoLC
=022  \\$a0074-7726
=035  \\$a(OCoLC)1753695
=035  \\$a(TestILS)c13606049-01asu_inst
=245  00$aInternational review of forestry research.
=561  \\$aTESTINST1
=583  \\$acommitted to retain$c20150527$dDecember 31, 2035$fTESTPROGRAM$fTESTPROGRAM Gold$uhttp://localhost/services/testprogram/docs/TESTPROGRAMProgramStatement.pdf
=583  \\$acompleteness reviewed$c20150527$fTESTPROGRAM$fTESTPROGRAM Gold$iissue-level
=583  \\$acondition reviewed$c20150527$fTESTPROGRAM$fTESTPROGRAM Gold$iissue-level
=852  0\$aTESTINST1$bHDC$ctestprogram-trust
=866  30$80$a1(1964)-3(1970)

