=LDR  00698nx  a22001931n 4500
=003  TestILS
=004  991011452879703841
=007  ta
=001  221153823900003841
=008  2103235u\\\\0\\\0000ba\\\0\\\\\\
=005  20210520081217.71
=022  \\$a0001-4737
=035  \\$a(OCoLC)1460783
=245  04$aThe Accountants digest.
=583  \\$acommitted to retain$c20210323$d20351231$fTESTPROGRAM$fTESTPROGRAM Gold$uhttp://localhost/services/testprogram/docs/TESTPROGRAMProgramStatement.pdf
=583  \\$acompleteness reviewed$c20210323$fTESTPROGRAM$fTESTPROGRAM Gold$iissue level$lmissing issues$zmissing v.33:1(1967)
=583  \\$acondition reviewed$c20210323$fTESTPROGRAM$fTESTPROGRAM Gold$iissue level
=561  \\$aTESTINST1
=852  0\$aTESTINST1$bHDC$ctestprogram-trust$hHF5601$i.A17
=866  30$80$a1(1935)-54, no.1(1988)

