=LDR  00763ny  a22002173n 4500
=001  22819513790003841
=003  TestILS
=004  991011789229703841
=005  20210520081217.97
=007  ta
=008  1306030u\\\\0\\\0001ba\\\0\\\\\\\\\\\\\\
=014  1\$a1783148$bOCoLC
=022  \\$a0075-2673
=035  \\$a(OCoLC)1783148
=035  \\$a(TestILS)c13182390-01asu_inst
=245  00$aJahrbuch für Geschichte von Staat, Wirtschaft und Gesellschaft Lateinamerikas.
=561  \\$aTESTINST1
=561  \\$aCUS
=583  \\$acommitted to retain$c20130603$dDecember 31, 2035$fTESTPROGRAM$fTESTPROGRAM Silver$uhttp://localhost/services/testprogram/docs/TESTPROGRAMProgramStatement.pdf
=583  \\$acompleteness reviewed$c20130603$fTESTPROGRAM$fTESTPROGRAM Silver$ivolume-level$lbinding patterns vary$zfor vols. 1-2, two volumes bound together as single piece
=852  0\$aTESTINST1$bHDC$ctestprogram-trust
=866  30$80$a1(1964)-34(1997)

