=LDR  00708ny  a22002173n 4500
=001  22918555130003841
=003  TestILS
=004  991006499969703841
=005  20210520081218.17
=007  ta
=008  1305030u\\\\0\\\0001ba\\\0\\\\\\\\\\\\\\
=014  1\$a1787386$bOCoLC
=022  \\$a0093-3252$l0093-3252
=030  \\$aHCSTA2
=035  \\$a(OCoLC)1787386
=035  \\$a(TestILS)c13150297-01asu_inst
=245  10$aStudies - Hastings Center.
=561  \\$aCIT
=583  \\$acommitted to retain$c20130503$dDecember 31, 2035$fTESTPROGRAM$fTESTPROGRAM Silver$uhttp://localhost/services/testprogram/docs/TESTPROGRAMProgramStatement.pdf
=583  \\$acompleteness reviewed$c20130503$fTESTPROGRAM$fTESTPROGRAM Silver$ivolume-level
=852  0\$aTESTINST1$bHDC$ctestprogram-trust$hQH332$i.H37a
=866  30$80$a1(1973)-2(1974)

