=LDR  00864ny  a22002053n 4500
=001  22883585770003841
=003  TestILS
=004  991011603459703841
=005  20210520081217.80
=007  ta
=008  1206200u\\\\0\\\0001ba\\\0\\\\\\\\\\\\\\
=014  1\$a1624064$bOCoLC
=022  \\$a1543-6314
=035  \\$a(OCoLC)1624064
=035  \\$a(TestILS)c12806067-01asu_inst
=245  10$aParnassus /$cCollege Art Association of America.
=561  \\$aTESTINST1
=583  \\$acommitted to retain$c20120620$dDecember 31, 2035$fTESTPROGRAM$fTESTPROGRAM Silver$uhttp://localhost/services/testprogram/docs/TESTPROGRAMProgramStatement.pdf
=583  \\$acompleteness reviewed$c20120620$fTESTPROGRAM$fTESTPROGRAM Silver$ivolume-level$lmissing volumes$zmissing vol. 1(1929)-3(1931), vol. 6 issue 1-5, vol. 7(1935)$lbinding patterns vary$zvol.4-5 bound as single item, vol. 6 and 8 have issues bound separately
=852  0\$aTESTINST1$bHDC$ctestprogram-trust$hN1$i.P35
=866  30$80$a4(1932)-6(1934), 8(1936)-13(1941)

