=LDR  00499ny  a22001573n 4500
=003  TestILS
=004  991019669719703841
=005  20210520081217.82
=001  221098637420003841
=007  ta
=008  1901110u\\\\0\\\0001aa\\\0\\\\\\\\\\\\\8
=035  \\$a(OCoLC)191803976
=245  14$aThe Jerusalem review /$cIsrael Council on Foreign Relations.
=561  \\$aTESTINST1
=583  \\$acommitted to retain$c20190111$dDecember 31, 2035$fTESTPROGRAM$fTESTPROGRAM Bronze$uhttp://localhost/services/testprogram/docs/TESTPROGRAMProgramStatement.pdf
=852  0\$aTESTINST1$bHDC$ctestprogram-trust$hDS119.6$i.J47
=866  30$80$a1, no.1(2006/2007)

