=LDR  00687nx  a22001811n 4500
=003  TestILS
=004  991011444259703841
=007  ta
=001  221106397100003841
=008  1905150u\\\\0\\\0000ba\\\0\\\\\\
=005  20210520081217.70
=022  \\$a0097-2770
=035  \\$a(OCoLC)1393689
=245  00$aFibre containers and paperboard mills.
=583  \\$acommitted to retain$c20190515$dDecember 31, 2035$fTESTPROGRAM$fTESTPROGRAM Silver$uhttp://localhost/services/testprogram/docs/TESTPROGRAMProgramStatement.pdf
=583  \\$acompleteness reviewed$c20190515$fTESTPROGRAM$fTESTPROGRAM Silver$ivolume level$lmissing volumes$zmissing Vol. 36, no. 12 (1951 DEC)-v. 43(1958); v.44, no. 4-7 (1959 APR-JUL)
=561  \\$aTESTINST1
=852  0\$aTESTINST1$bHDC$ctestprogram-trust$hHF5770$i.P4
=866  30$80$a44, no.1-3(1959)

