=LDR  00700nx  a22001931n 4500
=003  TestILS
=004  991011535169703841
=007  ta
=001  221047119500003841
=008  1712205u\\\\0\\\0000ba\\\0\\\\\\
=005  20210520081217.94
=022  \\$a0070-1858
=035  \\$a(OCoLC)1565607
=245  00$aCurrent British directories.
=583  \\$acommitted to retain$c20171205$dDecember 31, 2035$fTESTPROGRAM$fTESTPROGRAM Gold$uhttp://localhost/services/testprogram/docs/TESTPROGRAMProgramStatement.pdf
=583  \\$acompleteness reviewed$c20171205$fTESTPROGRAM$fTESTPROGRAM Gold$iissue level$lmissing volumes$zmissing no.1-2
=583  \\$acondition reviewed$c20171205$fTESTPROGRAM$fTESTPROGRAM Gold$iissue level
=561  \\$aTESTINST1
=852  0\$aTESTINST1$bHDC$ctestprogram-trust$hAY 2001 .C84x
=866  30$80$ano.3(1958)-14(2003)

