=LDR  00825    a2200217 n 4500
=001  22932788690003841
=003  TestILS
=004  991011756169703841
=005  20210520081217.56
=007  ta
=008  1505270u\\\\0\\\0001ba\\\0\\\\\\\\\\\\\\
=014  1\$a1770672$bOCoLC
=022  \\$a0084-5655
=035  \\$a(OCoLC)1770672
=035  \\$a(TestILS)c13605987-01asu_inst
=245  00$aZoology of Iceland.
=561  \\$aTESTINST1
=583  \\$acommitted to retain$c20150527$dDecember 31, 2035$fTESTPROGRAM$fTESTPROGRAM Gold$uhttp://localhost/services/testprogram/docs/TESTPROGRAMProgramStatement.pdf
=583  \\$acompleteness reviewed$c20150527$fTESTPROGRAM$fTESTPROGRAM Gold$iissue-level$lmissing issues$zmissing various issues from vol. 1-4 = issues 1-2, 5, 7-10, 12, 57a-b, 73-75
=583  \\$acondition reviewed$c20150527$fTESTPROGRAM$fTESTPROGRAM Gold$iissue-level
=852  0\$aTESTINST1$bHDC$ctestprogram-trust
=866  30$80$a1(1937)-4(1952)

