=LDR  00762ny  a22002173n 4500
=001  22933926330003841
=003  TestILS
=004  991027120549703841
=005  20210520081217.68
=007  ta
=008  1306140u\\\\0\\\0001ba\\\0\\\\\\\\\\\\\\
=014  1\$a7088630$bOCoLC
=022  1\$a0275-1275
=035  \\$a(OCoLC)7088630
=035  \\$a(TestILS)c13185615-01asu_inst
=245  00$aJournal of the early Republic.
=561  \\$aTESTINST1
=561  \\$aCDS
=583  \\$acommitted to retain$c20130614$dDecember 31, 2035$fTESTPROGRAM$fTESTPROGRAM Silver$uhttp://localhost/services/testprogram/docs/TESTPROGRAMProgramStatement.pdf
=583  \\$acompleteness reviewed$c20130614$fTESTPROGRAM$fTESTPROGRAM Silver$ivolume-level$lbinding patterns vary$zfor vols. 19-20, 24-25 issues 1-3 & 4-6 bound separately
=852  0\$aTESTINST1$bHDC$ctestprogram-trust
=866  30$80$a1(1981)-25(2005)

