=LDR  00798ny  a22002293n 4500
=001  22846125550003841
=003  TestILS
=004  991011831749703841
=005  20210520081217.75
=007  ta
=008  1306110u\\\\0\\\0001ba\\\0\\\\\\\\\\\\\\
=014  1\$a1798034$bOCoLC
=022  \\$a0007-4764
=030  \\$aAJATA
=035  \\$a(OCoLC)1798034
=035  \\$a(TestILS)c1318426x-01asu_inst
=245  00$aAmerican journal of art therapy.
=561  \\$aTESTINST1
=561  \\$aUUS
=583  \\$acommitted to retain$c20130611$dDecember 31, 2035$fTESTPROGRAM$fTESTPROGRAM Silver$uhttp://localhost/services/testprogram/docs/TESTPROGRAMProgramStatement.pdf
=583  \\$acompleteness reviewed$c20130611$fTESTPROGRAM$fTESTPROGRAM Silver$ivolume-level$lbinding patterns vary$zfor vols. 30-33, 36-39 two volumes bound together as single piece
=852  0\$aTESTINST1$bHDC$ctestprogram-trust
=866  30$80$a9(1969)-40(2001/2002)

