=LDR  00708nx  a22001931n 4500
=003  TestILS
=004  991007546899703841
=007  ta
=001  221148449990003841
=008  2006305u\\\\0\\\0000ba\\\0\\\\\\
=005  20210520081217.49
=022  \\$a1066-0879
=035  \\$a(OCoLC)26702426
=245  04$aThe Government directory of addresses and telephone numbers.
=583  \\$acommitted to retain$c20200630$dDecember 31, 2035$fTESTPROGRAM$fTESTPROGRAM Gold$uhttp://localhost/services/testprogram/docs/TESTPROGRAMProgramStatement.pdf
=583  \\$acompleteness reviewed$c20200630$fTESTPROGRAM$fTESTPROGRAM Gold$iissue level$lmissing issues$zmissing 1(1992)-4(1996)
=583  \\$acondition reviewed$c20200630$fTESTPROGRAM$fTESTPROGRAM Gold$iissue level
=561  \\$aTESTINST1
=852  0\$aTESTINST1$bHDC$ctestprogram-trust$hJK6$i.G69x
=866  30$80$a(1992), (1994)-(1996)

