=LDR  00726nx  a22001811n 4500
=003  TestILS
=004  991014223359703841
=007  ta
=001  221153822140003841
=008  2104185u\\\\0\\\0000ba\\\0\\\\\\
=005  20210520081218.15
=035  \\$a(OCoLC)2751228
=245  00$aBooks on trial.
=583  \\$acommitted to retain$c20210418$d20351231$fTESTPROGRAM$fTESTPROGRAM Gold$uhttp://localhost/services/testprogram/docs/TESTPROGRAMProgramStatement.pdf
=583  \\$acompleteness reviewed$c20210418$fTESTPROGRAM$fTESTPROGRAM Gold$iissue level$lmissing issues$zmissing 1(1942/43)-5(1946/47), v.8(1949/50), v.14:3-4,6,8(1955/56)
=583  \\$acondition reviewed$c20210418$fTESTPROGRAM$fTESTPROGRAM Gold$iissue level
=561  \\$aTESTINST1
=852  0\$aTESTINST1$bHDC$ctestprogram-trust$hPS1$i.B6x
=866  30$80$a6(1947)-7(1949), 9(1950)-15(1957)

