=LDR  00748nx  a22001931n 4500
=003  TestILS
=004  991014186859703841
=007  ta
=001  221044111970003841
=008  1701101u\\\\0\\\0001ba\\\0\\\\\\
=005  20210520081217.93
=022  \\$a0363-4795
=035  \\$a(OCoLC)2469505
=245  10$aWorld military and social expenditures.
=583  \\$acommitted to retain$c20171101$dDecember 31, 2035$fTESTPROGRAM$fTESTPROGRAM Gold$uhttp://localhost/services/testprogram/docs/TESTPROGRAMProgramStatement.pdf
=583  \\$acompleteness reviewed$c20171101$fTESTPROGRAM$fTESTPROGRAM Gold$iissue-level$lmissing volumes$zmissing  1975-1981, 1983
=583  \\$acondition reviewed$c20171101$fTESTPROGRAM$fTESTPROGRAM Gold$iissue-level
=561  \\$aTESTINST1
=852  0\$aTESTINST1$bHDC$ctestprogram-trust$hHJ7469$i.S58
=866  30$80$a(1974), (1982)-(1983), (1985)-(1989)  no.14(1991)-16(1996)

