=LDR  00805nx  a22001931n 4500
=003  TestILS
=004  991011546289703841
=007  ta
=001  221064216970003841
=008  1804230u\\\\0\\\0000ba\\\0\\\\\\
=005  20210520081217.95
=022  \\$a0013-4120
=035  \\$a(OCoLC)1567703
=245  00$aElectric light and power.
=583  \\$acommitted to retain$c20180423$dDecember 31, 2035$fTESTPROGRAM$fTESTPROGRAM Silver$uhttp://localhost/services/testprogram/docs/TESTPROGRAMProgramStatement.pdf
=583  \\$acompleteness reviewed$c20180423$fTESTPROGRAM$fTESTPROGRAM Silver$ivolume level$lmissing volumes$zmissing v.1-5; v.6:MAR-JUN, SEP-DEC; v.7:DEC; v.8:JAN,OCT-DEC; v.9:FEB-MAR,MAY; v.26-28; v.35; v.52:18; v.71:11; v.76:1; v.78:7,11
=561  \\$aTESTINST1
=852  0\$aTESTINST1$bHDC$ctestprogram-trust$hTK1 .E213
=866  30$80$a6(1928)-25(1947), 29(1951)-34(1956), 36(1958)-83(2005)
=867  30$80$a72(1994)

