=LDR  00683nx  a22001931n 4500
=003  TestILS
=004  991027118839703841
=007  ta
=001  221065899020003841
=008  1805040u\\\\0\\\0000ba\\\0\\\\\\
=005  20210520081217.68
=022  \\$a0037-0622
=035  \\$a(OCoLC)7072678
=245  04$aThe Secretary.
=583  \\$acommitted to retain$c20180504$dDecember 31, 2035$fTESTPROGRAM$fTESTPROGRAM Silver$uhttp://localhost/services/testprogram/docs/TESTPROGRAMProgramStatement.pdf
=583  \\$acompleteness reviewed$c20180504$fTESTPROGRAM$fTESTPROGRAM Silver$ivolume level$lmissing volumes$zmissing v.1-13; v.16-22
=561  \\$aTESTINST1
=561  \\$aUUS
=852  0\$aTESTINST1$bHDC$ctestprogram-trust$hHF5547.A2 S395
=866  30$80$a14(1954)-15(1955), 23(1963)-57, no.7(1997)

