=LDR  00754ny  a22002293n 4500
=001  22930350320003841
=003  TestILS
=004  991011768059703841
=005  20210520081217.56
=007  ta
=008  1305150u\\\\0\\\0001ba\\\0\\\\\\\\\\\\\\
=014  1\$a1775839$bOCoLC
=022  \\$a0024-3485
=035  \\$a(OCoLC)1775839
=035  \\$a(TestILS)c13151058-01asu_inst
=245  00$aLillabulero.
=561  \\$aTESTINST1
=561  \\$aCUZ
=583  \\$acommitted to retain$c20130515$dDecember 31, 2035$fTESTPROGRAM$fTESTPROGRAM Gold$uhttp://localhost/services/testprogram/docs/TESTPROGRAMProgramStatement.pdf
=583  \\$acompleteness reviewed$c20130515$fTESTPROGRAM$fTESTPROGRAM Gold$iissue-level
=583  \\$acondition reviewed$c20130515$fTESTPROGRAM$fTESTPROGRAM Gold$iissue-level
=852  0\$aTESTINST1$bHDC$ctestprogram-trust
=866  30$80$ano.1(1967)-14(1974)

