=LDR  00765nx  a22001931n 4500
=003  TestILS
=004  991018825999703841
=007  ta
=001  221132359920003841
=008  1912315u\\\\0\\\0000ba\\\0\\\\\\
=005  20210520081217.64
=022  \\$a0162-6795
=035  \\$a(OCoLC)3583351
=245  00$aJournal of Asian culture.
=583  \\$acommitted to retain$c20191231$dDecember 31, 2035$fTESTPROGRAM$fTESTPROGRAM Gold$uhttp://localhost/services/testprogram/docs/TESTPROGRAMProgramStatement.pdf
=583  \\$acompleteness reviewed$c20191231$fTESTPROGRAM$fTESTPROGRAM Gold$iissue level$lmissing issues$zmissing issues v.1(1977)-2(1978), 4(1980)-7(1983), 17(1993/94)-18(1995/96)
=583  \\$acondition reviewed$c20191231$fTESTPROGRAM$fTESTPROGRAM Gold$iissue level
=561  \\$aTESTINST1
=852  0\$aTESTINST1$bHDC$ctestprogram-trust$hDS1$i.J638
=866  30$80$a3(1979), 8(1984)-16(1992/93)

