=LDR  00685ny  a22002173n 4500
=001  22843320330003841
=003  TestILS
=004  991030599039703841
=005  20210520081217.58
=007  ta
=008  1305310u\\\\0\\\0001ba\\\0\\\\\\\\\\\\\\
=014  1\$a9629646$bOCoLC
=022  0\$a0743-5150
=030  \\$aIMNSEP
=035  \\$a(OCoLC)9629646
=035  \\$a(TestILS)c13182080-01asu_inst
=245  00$aImage--the journal of nursing scholarship.
=561  \\$aTESTINST1
=583  \\$acommitted to retain$c20130531$dDecember 31, 2035$fTESTPROGRAM$fTESTPROGRAM Silver$uhttp://localhost/services/testprogram/docs/TESTPROGRAMProgramStatement.pdf
=583  \\$acompleteness reviewed$c20130531$fTESTPROGRAM$fTESTPROGRAM Silver$ivolume-level
=852  0\$aTESTINST1$bHDC$ctestprogram-trust
=866  30$80$a15(1983)-31(1999)

