=LDR  00788ny  a22002173n 4500
=001  22831986770003841
=003  TestILS
=004  991004885949703841
=005  20210520081218.16
=007  ta
=008  1206140u\\\\0\\\0001ba\\\0\\\\\\\\\\\\\\
=014  1\$a25141361$bOCoLC
=022  \\$a1061-4303
=030  \\$aWAERED
=035  \\$a(OCoLC)25141361
=035  \\$a(TestILS)c12793048-01asu_inst
=245  00$aWater environment research :$ba research publication of the Water Environment Federation.
=561  \\$aTESTINST1
=583  \\$acommitted to retain$c20120614$dDecember 31, 2035$fTESTPROGRAM$fTESTPROGRAM Silver$uhttp://localhost/services/testprogram/docs/TESTPROGRAMProgramStatement.pdf
=583  \\$acompleteness reviewed$c20120614$fTESTPROGRAM$fTESTPROGRAM Silver$ivolume-level$lmissing volumes$zmissing v.76 issue 1-5 and 7$lbinding patterns vary$zv.71, issues bound separately
=852  0\$aTESTINST1$bHDC$ctestprogram-trust
=866  30$80$a64(1992)-77(2005)

