=LDR  00663nx  a22001931n 4500
=003  TestILS
=004  991033915539703841
=007  ta
=001  221154659530003841
=008  2104185u\\\\0\\\0000ba\\\0\\\\\\
=005  20210520081218.01
=022  \\$a8750-7935
=035  \\$a(OCoLC)11796201
=245  10$aMicrowave systems news & communications technology :$bMSN.
=583  \\$acommitted to retain$c20210418$d20351231$fTESTPROGRAM$fTESTPROGRAM Gold$uhttp://localhost/services/testprogram/docs/TESTPROGRAMProgramStatement.pdf
=583  \\$acompleteness reviewed$c20210418$fTESTPROGRAM$fTESTPROGRAM Gold$iissue level
=583  \\$acondition reviewed$c20210418$fTESTPROGRAM$fTESTPROGRAM Gold$iissue level
=561  \\$aTESTINST1
=852  0\$aTESTINST1$bHDC$ctestprogram-trust$hTK7876$i.M27
=866  30$80$a15(1985)-18, no.11(1988)

