=LDR  00764    a2200217 n 4500
=001  22864789950003841
=003  TestILS
=004  991018825299703841
=005  20210520081217.64
=007  ta
=008  1705080u\\\\0\\\0001ba\\\0\\\\\\\\\\\\\\
=014  1\$a3569941$bOCoLC
=022  \\$a0703-9476
=035  \\$a(OCoLC)3569941
=035  \\$a(TestILS)c14128548-01asu_inst
=245  00$aBest Canadian stories.
=561  \\$aTESTINST1
=583  \\$acommitted to retain$c20170508$dDecember 31, 2035$fTESTPROGRAM$fTESTPROGRAM Gold$uhttp://localhost/services/testprogram/docs/TESTPROGRAMProgramStatement.pdf
=583  \\$acompleteness reviewed$c20170508$fTESTPROGRAM$fTESTPROGRAM Gold$iissue-level$lmissing volumes$zmissing 1977-1981
=583  \\$acondition reviewed$c20170508$fTESTPROGRAM$fTESTPROGRAM Gold$iissue-level
=852  0\$aTESTINST1$bHDC$ctestprogram-trust
=866  30$80$a(1982)-(2005)

