=LDR  00809    a2200217 n 4500
=001  22904426990003841
=003  TestILS
=004  991011629889703841
=005  20210520081217.91
=007  ta
=008  1605090u\\\\0\\\0001ba\\\0\\\\\\\\\\\\\\
=014  1\$a1644929$bOCoLC
=022  0\$a0580-9517
=035  \\$a(OCoLC)1644929
=035  \\$a(TestILS)c13793627-01asu_inst
=245  00$aMethods in microbiology.
=561  \\$aTESTINST1
=583  \\$acommitted to retain$c20160509$dDecember 31, 2035$fTESTPROGRAM$fTESTPROGRAM Gold$uhttp://localhost/services/testprogram/docs/TESTPROGRAMProgramStatement.pdf
=583  \\$acompleteness reviewed$c20160509$fTESTPROGRAM$fTESTPROGRAM Gold$iissue-level$lmissing volumes$zmissing v.4
=583  \\$acondition reviewed$c20160509$fTESTPROGRAM$fTESTPROGRAM Gold$iissue-level$lmarginalia$zv.5A&B marginalia
=852  0\$aTESTINST1$bHDC$ctestprogram-trust
=866  30$80$a1(1969)-3(1969), 5(1971)-34(2005)

