=LDR  00637nx  a22001811n 4500
=003  TestILS
=004  991012182189703841
=007  ta
=001  221109128760003841
=008  1905210u\\\\0\\\0000ba\\\0\\\\\\
=005  20210520081217.62
=022  \\$a1995-364X
=035  \\$a(OCoLC)30590498
=245  00$aOECD economic surveys.$pKorea.
=583  \\$acommitted to retain$c20190521$dDecember 31, 2035$fTESTPROGRAM$fTESTPROGRAM Silver$uhttp://localhost/services/testprogram/docs/TESTPROGRAMProgramStatement.pdf
=583  \\$acompleteness reviewed$c20190521$fTESTPROGRAM$fTESTPROGRAM Silver$ivolume level
=561  \\$aTESTINST1
=852  0\$aTESTINST1$bHDC$ctestprogram-trust$hHC466$i.O33x
=866  30$80$a(1994), (1996), (1998)-(2001), (2003)-(2005), (2007)-(2008)

