=LDR  00670nx  a22001811n 4500
=003  TestILS
=004  991018827109703841
=007  ta
=001  221067403120003841
=008  1805165u\\\\0\\\0000ba\\\0\\\\\\
=005  20210520081217.65
=035  \\$a(OCoLC)3622486
=245  00$aCurrent performance and dividend record.
=583  \\$acommitted to retain$c20180523$dDecember 31, 2035$fTESTPROGRAM$fTESTPROGRAM Gold$uhttp://localhost/services/testprogram/docs/TESTPROGRAMProgramStatement.pdf
=583  \\$acompleteness reviewed$c20180523$fTESTPROGRAM$fTESTPROGRAM Gold$iissue level$lmissing volumes$zmissing 1977-1978
=583  \\$acondition reviewed$c20180523$fTESTPROGRAM$fTESTPROGRAM Gold$iissue level
=561  \\$aTESTINST1
=852  0\$aTESTINST1$bHDC$ctestprogram-trust$hHG4930 .C87x
=866  30$80$a(1979)-(1990)

