=LDR  00580nx  a22001691n 4500
=003  TestILS
=004  991022879739703841
=007  ta
=001  221064212570003841
=008  1804300u\\\\0\\\0000ba\\\0\\\\\\
=005  20210520081218.14
=035  \\$a(OCoLC)5538102
=245  00$aAdvertising & selling and the advertising agency.
=583  \\$acommitted to retain$c20180430$dDecember 31, 2035$fTESTPROGRAM$fTESTPROGRAM Silver$uhttp://localhost/services/testprogram/docs/TESTPROGRAMProgramStatement.pdf
=583  \\$acompleteness reviewed$c20180430$fTESTPROGRAM$fTESTPROGRAM Silver$ivolume level
=561  \\$aTESTINST1
=852  0\$aTESTINST1$bHDC$ctestprogram-trust$hHF 5801 .A28
=866  30$80$a41, no.9(1948)-42, no.4(1949)

