=LDR  00747nx  a22002051n 4500
=003  TestILS
=004  991030562489703841
=007  ta
=001  221126709890003841
=008  1908165u\\\\0\\\0000ba\\\0\\\\\\
=005  20210520081217.47
=022  \\$a0252-8266
=035  \\$a(OCoLC)8977368
=245  00$aEurostatistik, Daten zur Konjunkturanalyse /$c[Statistisches Amt der Europäischen Gemeinschaften] = Eurostatistics, data for short-term economic analysis / [Statistical Office of the European Communities].
=583  \\$acommitted to retain$c20190823$dDecember 31, 2035$fTESTPROGRAM$fTESTPROGRAM Gold$uhttp://localhost/services/testprogram/docs/TESTPROGRAMProgramStatement.pdf
=583  \\$acompleteness reviewed$c20190823$fTESTPROGRAM$fTESTPROGRAM Gold$iissue level$lmissing issues$z1997:4-12, 2001:4-12, 2002-2003 missing
=583  \\$acondition reviewed$c20190823$fTESTPROGRAM$fTESTPROGRAM Gold$iissue level
=561  \\$aTESTINST1
=852  0\$aTESTINST1$bHDC$ctestprogram-trust$hHC241.2 .A1$iS7a
=866  30$80$a(1982)-(2001)
=867  30$80$a(1993)

