=LDR  00655nx  a22001811n 4500
=003  TestILS
=004  991024261299703841
=007  ta
=001  221133696150003841
=008  1912315u\\\\0\\\0000ba\\\0\\\\\\
=005  20210520081217.43
=035  \\$a(OCoLC)26326286
=245  10$aAudits of credit unions, with conforming changes as of ...
=583  \\$acommitted to retain$c20191231$dDecember 31, 2035$fTESTPROGRAM$fTESTPROGRAM Gold$uhttp://localhost/services/testprogram/docs/TESTPROGRAMProgramStatement.pdf
=583  \\$acompleteness reviewed$c20191231$fTESTPROGRAM$fTESTPROGRAM Gold$iissue level
=583  \\$acondition reviewed$c20191231$fTESTPROGRAM$fTESTPROGRAM Gold$iissue level
=561  \\$aTESTINST1
=852  0\$aTESTINST1$bHDC$ctestprogram-trust$hHF5686.C92$iA46a
=866  30$80$a(1992), (1994), (1996)-(2000)

