=LDR  00761    a2200229 n 4500
=001  22927351350003841
=003  TestILS
=004  991002164339703841
=005  20210520081217.78
=007  ta
=008  1505190u\\\\0\\\0001ba\\\0\\\\\\\\\\\\\\
=014  1\$a21961762$bOCoLC
=022  0\$a1053-2579
=030  \\$aFASYEJ
=035  \\$a(OCoLC)21961762
=035  \\$a(TestILS)c13604399-01asu_inst
=245  00$aFinancial & accounting systems.
=561  \\$aTESTINST1
=583  \\$acommitted to retain$c20150519$dDecember 31, 2035$fTESTPROGRAM$fTESTPROGRAM Gold$uhttp://localhost/services/testprogram/docs/TESTPROGRAMProgramStatement.pdf
=583  \\$acompleteness reviewed$c20150519$fTESTPROGRAM$fTESTPROGRAM Gold$iissue-level
=583  \\$acondition reviewed$c20150519$fTESTPROGRAM$fTESTPROGRAM Gold$iissue-level
=852  0\$aTESTINST1$bHDC$ctestprogram-trust
=866  30$80$a6, no.2(1990)-7(1991)

