=LDR  00717ny  a22002053n 4500
=001  22828001200003841
=003  TestILS
=004  991032292289703841
=005  20210520081218.02
=007  ta
=008  1605200u\\\\0\\\0001ba\\\0\\\\\\\\\\\\\\
=014  1\$a9863921$bOCoLC
=022  0\$a0712-6778
=035  \\$a(OCoLC)9863921
=035  \\$a(TestILS)c13832487-01asu_inst
=245  00$aCanadian operating room nursing journal.
=561  \\$aTESTINST1
=583  \\$acommitted to retain$c20160520$dDecember 31, 2035$fTESTPROGRAM$fTESTPROGRAM Silver$uhttp://localhost/services/testprogram/docs/TESTPROGRAMProgramStatement.pdf
=583  \\$acompleteness reviewed$c20160520$fTESTPROGRAM$fTESTPROGRAM Silver$ivolume-level$lmissing volumes$zmissing v.1-3, v.13-23
=852  0\$aTESTINST1$bHDC$ctestprogram-trust$hRD32.3$i.C36x
=866  30$80$a4(1986)-12(1994)

