=LDR  00667nx  a22001811n 4500
=003  TestILS
=004  991011752909703841
=007  ta
=001  221157051120003841
=008  2011250u\\\\0\\\0000ba\\\0\\\\\\
=005  20210520081217.55
=022  \\$a0043-4590
=035  \\$a(OCoLC)1769801
=245  00$aWhat's new in home economics.
=583  \\$acommitted to retain$c20201125$dDecember 31, 2035$fTESTPROGRAM$fTESTPROGRAM Silver$uhttp://localhost/services/testprogram/docs/TESTPROGRAMProgramStatement.pdf
=583  \\$acompleteness reviewed$c20201125$fTESTPROGRAM$fTESTPROGRAM Silver$ivolume level$lmissing volumes$zmissing v.1-4, v.8:9, v.9:9, v.11:6, (1974)-(1996 Jan/Feb)
=561  \\$aTESTINST1
=852  0\$aTESTINST1$bHDC$ctestprogram-trust$hTX1$i.W45
=866  30$80$a5(1940)-37(1973)

