=LDR  00748ny  a22002413n 4500
=001  22937145200003841
=003  TestILS
=004  991011445199703841
=005  20210520081217.71
=007  ta
=008  1206110u\\\\0\\\0001ba\\\0\\\\\\\\\\\\\\
=014  1\$a1408768$bOCoLC
=022  0\$a0002-9556
=035  \\$a(OCoLC)1408768
=035  \\$a(TestILS)c12792214-01asu_inst
=245  04$aThe American journal of psychology.
=561  \\$aTESTINST1
=561  \\$aLLU
=561  \\$aCUR
=583  \\$acommitted to retain$c20120611$dDecember 31, 2035$fTESTPROGRAM$fTESTPROGRAM Silver$uhttp://localhost/services/testprogram/docs/TESTPROGRAMProgramStatement.pdf
=583  \\$acompleteness reviewed$c20120611$fTESTPROGRAM$fTESTPROGRAM Silver$ivolume-level
=852  0\$aTESTINST1$bHDC$ctestprogram-trust$hBF1$i.A5
=866  30$80$a1(1887)-118(2005)
=868  30$80$a1(1887)-50(1937)

