=LDR  00618nx  a22001691n 4500
=003  TestILS
=004  991019770259703841
=007  ta
=001  221111806880003841
=008  1906120u\\\\0\\\0000ba\\\0\\\\\\
=005  20210520081217.82
=035  \\$a(OCoLC)3767825
=245  00$aPublic doublespeak newsletter.
=583  \\$acommitted to retain$c20190612$dDecember 31, 2035$fTESTPROGRAM$fTESTPROGRAM Silver$uhttp://localhost/services/testprogram/docs/TESTPROGRAMProgramStatement.pdf
=583  \\$acompleteness reviewed$c20190612$fTESTPROGRAM$fTESTPROGRAM Silver$ivolume level$lmissing volumes$zmissing v.1(1975)-3(1977)
=561  \\$aTESTINST1
=852  0\$aTESTINST1$bHDC$ctestprogram-trust$hPE1460.A2$iP8x
=866  30$80$a4(1978)-6, no.3(1980)

