=LDR  00581    a2200193 n 4500
=001  22892631870003841
=003  TestILS
=004  991037129529703841
=005  20210520081217.99
=007  ta
=008  1605010u\\\\0\\\0001ba\\\0\\\\\\\\\\\\\\
=014  1\$a13048802$bOCoLC
=022  0\$a0886-9723
=035  \\$a(OCoLC)13048802
=035  \\$a(TestILS)c13791461-01asu_inst
=245  00$aJournal of ambulatory care marketing.
=561  \\$aTESTINST1
=583  \\$acommitted to retain$c20160501$dDecember 31, 2035$fTESTPROGRAM$fTESTPROGRAM Bronze$uhttp://localhost/services/testprogram/docs/TESTPROGRAMProgramStatement.pdf
=852  0\$aTESTINST1$bHDC$ctestprogram-trust
=866  30$80$a1(1987)-6(1995)

