=LDR  00597nx  a22001811n 4500
=003  TestILS
=004  991016534439703841
=007  ta
=001  221058638490003841
=008  1803070u\\\\0\\\0000ba\\\0\\\\\\
=005  20210520081218.17
=022  \\$a0015-6302
=035  \\$a(OCoLC)3155328
=245  10$aFood and lodging hospitality.
=583  \\$acommitted to retain$c20180307$dDecember 31, 2035$fTESTPROGRAM$fTESTPROGRAM Silver$uhttp://localhost/services/testprogram/docs/TESTPROGRAMProgramStatement.pdf
=583  \\$acompleteness reviewed$c20180307$fTESTPROGRAM$fTESTPROGRAM Silver$ivolume level
=561  \\$aTESTINST1
=852  0\$aTESTINST1$bHDC$ctestprogram-trust$hTX901 .F6
=866  30$80$a13, no.6(1974)-15(1976)

