=LDR  00956    a2200241 n 4500
=001  22910502800003841
=003  TestILS
=004  991016532339703841
=005  20210520081218.17
=007  ta
=008  1305300u\\\\0\\\0001ba\\\0\\\\\\\\\\\\\\
=014  1\$a3133964$bOCoLC
=022  \\$a0578-073X
=035  \\$a(OCoLC)3133964
=035  \\$a(TestILS)c13181713-01asu_inst
=245  00$6880-01$aQuan guo xin shu mu.
=561  \\$aTESTINST1
=561  \\$aWAU
=561  \\$aCUV
=583  \\$acommitted to retain$c20130530$dDecember 31, 2035$fTESTPROGRAM$fTESTPROGRAM Gold$uhttp://localhost/services/testprogram/docs/TESTPROGRAMProgramStatement.pdf
=583  \\$acompleteness reviewed$c20130530$fTESTPROGRAM$fTESTPROGRAM Gold$iissue-level$lmissing issues$zmissing issues for 1972-1973, 1976-1977, 1995-2005$lReprints$z1950-1966, 1972, 1974, 1975 &1978 are possible reprints
=583  \\$acondition reviewed$c20130530$fTESTPROGRAM$fTESTPROGRAM Gold$iissue-level
=852  0\$aTESTINST1$bHDC$ctestprogram-trust
=866  30$80$a(1950)-(1966), (1972), (1974)-(1975), (1978)-(1994), (1998)-(2005)

