=LDR  00594nx  a22001811n 4500
=003  TestILS
=004  991018020019703841
=007  ta
=001  221065259900003841
=008  1805040u\\\\0\\\0000ba\\\0\\\\\\
=005  20210520081217.63
=022  \\$a0895-4186
=035  \\$a(OCoLC)16641710
=245  10$aFinancial executive :$bFE.
=583  \\$acommitted to retain$c20180504$dDecember 31, 2035$fTESTPROGRAM$fTESTPROGRAM Silver$uhttp://localhost/services/testprogram/docs/TESTPROGRAMProgramStatement.pdf
=583  \\$acompleteness reviewed$c20180504$fTESTPROGRAM$fTESTPROGRAM Silver$ivolume level
=561  \\$aTESTINST1
=852  0\$aTESTINST1$bHDC$ctestprogram-trust$hHF5001 .F13x
=866  30$80$a3(1987)-21(2005)

