=LDR  00739ny  a22002053n 4500
=001  22827523360003841
=003  TestILS
=004  991030584589703841
=005  20210520081217.57
=007  ta
=008  1311200u\\\\0\\\0001ba\\\0\\\\\\\\\\\\\\
=014  1\$a9368210$bOCoLC
=022  0\$a0737-4143
=035  \\$a(OCoLC)9368210
=035  \\$a(TestILS)c13280806-01asu_inst
=245  00$aSouthwest journal of linguistics.
=561  \\$aTESTINST1
=583  \\$acommitted to retain$c20131120$dDecember 31, 2035$fTESTPROGRAM$fTESTPROGRAM Silver$uhttp://localhost/services/testprogram/docs/TESTPROGRAMProgramStatement.pdf
=583  \\$acompleteness reviewed$c20131120$fTESTPROGRAM$fTESTPROGRAM Silver$ivolume-level$lbinding patterns vary$zvols. 13-16 bound together as single piece
=852  0\$aTESTINST1$bHDC$ctestprogram-trust$hP1$i.J68x
=866  30$80$a6(1983)-24(2005)

