=LDR  00947    a2200205 n 4500
=001  22919927360003841
=003  TestILS
=004  991025066539703841
=005  20210520081217.43
=007  ta
=008  1405080u\\\\0\\\0001ba\\\0\\\\\\\\\\\\\\
=014  1\$a6066195$bOCoLC
=035  \\$a(OCoLC)6066195
=035  \\$a(TestILS)c13403229-01asu_inst
=245  18$aThe ... yearbook /$cthe National Collegiate Athletic Association.
=561  \\$aTESTINST1
=583  \\$acommitted to retain$c20140508$dDecember 31, 2035$fTESTPROGRAM$fTESTPROGRAM Gold$uhttp://localhost/services/testprogram/docs/TESTPROGRAMProgramStatement.pdf
=583  \\$acompleteness reviewed$c20140508$fTESTPROGRAM$fTESTPROGRAM Gold$iissue-level$lmissing volumes$zmissing no. 38(1943/44)-39(1944/45), 43(1948/49)-46(1951/52); 48(1953/54), 51(1956/57)-52(1957/58), 56(1961/62)-60(1965/66)
=583  \\$acondition reviewed$c20140508$fTESTPROGRAM$fTESTPROGRAM Gold$iissue-level
=852  0\$aTESTINST1$bHDC$ctestprogram-trust$hGV563$i.N26
=866  30$80$ano.40(1946/1947)-42(1947/1948), 47(1952/1953), 49(1954/1955)-50(1955/1956), 53(1958/1959)-55(1960/1961)

