=LDR  00839nx  a22001811n 4500
=003  TestILS
=004  991018632039703841
=007  ta
=001  221111805000003841
=008  1905310u\\\\0\\\0000ba\\\0\\\\\\
=005  20210520081217.64
=022  \\$a1995-3178
=035  \\$a(OCoLC)3377334
=245  00$aOECD economic surveys.$pFrance.
=583  \\$acommitted to retain$c20190531$dDecember 31, 2035$fTESTPROGRAM$fTESTPROGRAM Silver$uhttp://localhost/services/testprogram/docs/TESTPROGRAMProgramStatement.pdf
=583  \\$acompleteness reviewed$c20190531$fTESTPROGRAM$fTESTPROGRAM Silver$ivolume level$lmissing volumes$zmissing (1969)-(1970), (1978), (1982/1983), (1986/1987), (1988/1989), (1993/1994),(2009),(2011),(2013),(2015)
=561  \\$aTESTINST1
=852  0\$aTESTINST1$bHDC$ctestprogram-trust$hHC271$i.O7
=866  30$80$a(1968), (1971)-(1977), (1979)-(1982), (1984)-(1985), (1987), (1989)-(1992), (1994)-(1995), (1997), (1999)-(2001), (2003), (2005), (2007)

