=LDR  00870    a2200229 n 4500
=001  22882551440003841
=003  TestILS
=004  991011923719703841
=005  20210520081217.89
=007  ta
=008  1405150u\\\\0\\\0001ba\\\0\\\\\\\\\\\\\\
=014  1\$a2256915$bOCoLC
=022  \\$a0044-5991
=035  \\$a(OCoLC)2256915
=035  \\$a(TestILS)c13404039-01asu_inst
=245  00$aActa histochemica et cytochemica :$bofficial journal of the Japan Society of Histochemistry and Cytochemistry.
=561  \\$aTESTINST1
=583  \\$acommitted to retain$c20140515$dDecember 31, 2035$fTESTPROGRAM$fTESTPROGRAM Gold$uhttp://localhost/services/testprogram/docs/TESTPROGRAMProgramStatement.pdf
=583  \\$acompleteness reviewed$c20140515$fTESTPROGRAM$fTESTPROGRAM Gold$iissue-level$lmissing volumes$zmissing vols. 1-11$lmissing issues$zmissing v.29:5-6$lReprints$zvol. 12 issues 1-2 Reprints
=583  \\$acondition reviewed$c20140515$fTESTPROGRAM$fTESTPROGRAM Gold$iissue-level
=852  0\$aTESTINST1$bHDC$ctestprogram-trust
=866  30$80$a12(1979)-38(2005)
=867  30$80$a29(1996)

