=LDR  00669nx  a22001811n 4500
=003  TestILS
=004  991003959669703841
=007  ta
=001  221157657810003841
=008  2012040u\\\\0\\\0000ba\\\0\\\\\\
=005  20210520081218.09
=022  \\$a0894-6620
=035  \\$a(OCoLC)16160430
=245  00$aIFR.
=583  \\$acommitted to retain$c20201204$dDecember 31, 2035$fTESTPROGRAM$fTESTPROGRAM Silver$uhttp://localhost/services/testprogram/docs/TESTPROGRAMProgramStatement.pdf
=583  \\$acompleteness reviewed$c20201204$fTESTPROGRAM$fTESTPROGRAM Silver$ivolume level$lmissing volumes$zmissing v.13:1-2,4,8-9, 11-12; v.14:1-2; v.19:6; v.28:7
=561  \\$aTESTINST1
=852  0\$aTESTINST1$bHDC$ctestprogram-trust$hTL710$i.I37x
=866  30$80$a13(1997)-31(2015)

