=LDR  00775ny  a22002173n 4500
=001  22820874760003841
=003  TestILS
=004  991011782099703841
=005  20210520081217.97
=007  ta
=008  1705080u\\\\0\\\0001ba\\\0\\\\\\\\\\\\\\
=014  1\$a1782151$bOCoLC
=022  0\$a0031-5761
=030  \\$aPERMEE$zPTMABL
=035  \\$a(OCoLC)1782151
=035  \\$a(TestILS)c14146939-01asu_inst
=245  00$aPersonnel management.
=561  \\$aTESTINST1
=583  \\$acommitted to retain$c20170508$dDecember 31, 2035$fTESTPROGRAM$fTESTPROGRAM Silver$uhttp://localhost/services/testprogram/docs/TESTPROGRAMProgramStatement.pdf
=583  \\$acompleteness reviewed$c20170508$fTESTPROGRAM$fTESTPROGRAM Silver$ivolume-level$lmissing volumes$zmissing v.13:7-12; v.14:1-2; v.19:2-4; 26:8-12
=852  0\$aTESTINST1$bHDC$ctestprogram-trust
=866  30$80$a1(1969)-7(1975), 12(1980)-26(1994)

