=LDR  00671nx  a22001931n 4500
=003  TestILS
=004  991025130489703841
=007  ta
=001  221059122290003841
=008  1801235u\\\\0\\\0000ba\\\0\\\\\\
=005  20210520081217.42
=022  \\$a0253-9632
=035  \\$a(OCoLC)6845528
=245  00$6880-01$aTamkang journal.$pBusiness, engineering, liberal arts & science =$bDanjiang xue bao. Wen shang li gong xue bu men.
=583  \\$acommitted to retain$c20180423$dDecember 31, 2035$fTESTPROGRAM$fTESTPROGRAM Gold$uhttp://localhost/services/testprogram/docs/TESTPROGRAMProgramStatement.pdf
=583  \\$acompleteness reviewed$c20180423$fTESTPROGRAM$fTESTPROGRAM Gold$iissue level
=583  \\$acondition reviewed$c20180423$fTESTPROGRAM$fTESTPROGRAM Gold$iissue level
=561  \\$aTESTINST1
=852  0\$aTESTINST1$bHDC$ctestprogram-trust$hAS455.A1$iT348x
=866  30$80$ano. 15(1977)-16(1978)

