=LDR  00643nx  a22001931n 4500
=003  TestILS
=004  991008659509703841
=007  ta
=001  221171329490003841
=008  2105110u\\\\0\\\0000ba\\\0\\\\\\
=005  20210520081217.52
=022  \\$a0270-3882
=035  \\$a(OCoLC)4893209
=245  10$aAnthology of magazine verse for ...
=583  \\$acommitted to retain$c20210511$d20351231$fTESTPROGRAM$fTESTPROGRAM Gold$uhttp://localhost/services/testprogram/docs/TESTPROGRAMProgramStatement.pdf
=583  \\$acompleteness reviewed$c20210511$fTESTPROGRAM$fTESTPROGRAM Gold$iissue level
=583  \\$acondition reviewed$c20210511$fTESTPROGRAM$fTESTPROGRAM Gold$iissue level
=561  \\$aTESTINST1
=852  0\$aTESTINST1$bHDC$ctestprogram-trust$hPS614$i.A68
=866  30$80$a(1913)

