=LDR  00714nx  a22001931n 4500
=003  TestILS
=004  991038896479703841
=007  ta
=001  221147438890003841
=008  2005315u\\\\0\\\0000ba\\\0\\\\\\
=005  20210520081217.54
=022  \\$a0078-7531
=035  \\$a(OCoLC)15124861
=245  00$aPacific linguistics.$nSeries A.
=583  \\$acommitted to retain$c20200531$dDecember 31, 2035$fTESTPROGRAM$fTESTPROGRAM Gold$uhttp://localhost/services/testprogram/docs/TESTPROGRAMProgramStatement.pdf
=583  \\$acompleteness reviewed$c20200531$fTESTPROGRAM$fTESTPROGRAM Gold$iissue level$lmissing issues$zmissing no.88
=583  \\$acondition reviewed$c20200531$fTESTPROGRAM$fTESTPROGRAM Gold$iissue level
=561  \\$aTESTINST1
=852  0\$aTESTINST1$bHDC$ctestprogram-trust$hP11$i.P3
=866  30$80$ano.25(1970)-87(1997), 89(1998)-92(1998)

