=LDR  00657nx  a22001931n 4500
=003  TestILS
=004  991041209549703841
=007  ta
=001  221171316960003841
=008  2105170u\\\\0\\\0000ba\\\0\\\\\\
=005  20210520081217.59
=022  \\$a0956-9782
=035  \\$a(OCoLC)19403508
=245  04$aThe Humanities computing yearbook.
=583  \\$acommitted to retain$c20210514$d20351231$fTESTPROGRAM$fTESTPROGRAM Gold$uhttp://localhost/services/testprogram/docs/TESTPROGRAMProgramStatement.pdf
=583  \\$acompleteness reviewed$c20210514$fTESTPROGRAM$fTESTPROGRAM Gold$iissue level
=583  \\$acondition reviewed$c20210514$fTESTPROGRAM$fTESTPROGRAM Gold$iissue level
=561  \\$aTESTINST1
=852  0\$aTESTINST1$bHDC$ctestprogram-trust$hZ699.5.H8$iH85
=866  30$80$a(1988)-(1989/90)

