=LDR  00804nx  a22001931n 4500
=003  TestILS
=004  991011793919703841
=007  ta
=001  221045646710003841
=008  1701101u\\\\0\\\0001ba\\\0\\\\\\
=005  20210520081217.97
=022  \\$a0547-8804
=035  \\$a(OCoLC)1783698
=245  00$aFinancial and operating results of department and specialty stores.
=583  \\$acommitted to retain$c20171101$dDecember 31, 2035$fTESTPROGRAM$fTESTPROGRAM Gold$uhttp://localhost/services/testprogram/docs/TESTPROGRAMProgramStatement.pdf
=583  \\$acompleteness reviewed$c20171101$fTESTPROGRAM$fTESTPROGRAM Gold$iissue-level$lmissing volumes$zmissing 1966, 1968-1973, 1977, 1979, 1981, 1984, 1988
=583  \\$acondition reviewed$c20171101$fTESTPROGRAM$fTESTPROGRAM Gold$iissue-level
=561  \\$aTESTINST1
=852  0\$aTESTINST1$bHDC$ctestprogram-trust$hHF5465 .U4 F55
=866  30$80$a(1965), (1967), (1974)-(1976), (1978), (1980), (1982)-(1983), (1985)-(1987), (1989)

