=LDR  00951    a2200241 n 4500
=001  22963598650003841
=003  TestILS
=004  991011717349703841
=005  20210520081217.88
=007  ta
=008  1505010u\\\\0\\\0001ba\\\0\\\\\\\\\\\\\\
=014  1\$a1762542$bOCoLC
=022  \\$a0032-258X
=035  \\$a(OCoLC)1762542
=035  \\$a(TestILS)c13596676-01asu_inst
=245  04$aThe Police journal.
=561  \\$aTESTINST1
=561  \\$aOKS
=561  \\$aCSJ
=583  \\$acommitted to retain$c20150501$dDecember 31, 2035$fTESTPROGRAM$fTESTPROGRAM Gold$uhttp://localhost/services/testprogram/docs/TESTPROGRAMProgramStatement.pdf
=583  \\$acompleteness reviewed$c20150501$fTESTPROGRAM$fTESTPROGRAM Gold$iissue-level$lmissing volumes$zmissing v.1-8; v.13-24; v.38, 74-78$zmissing issues$zmissing v.71:1$zReprint$zvol. 50 issue 1
=583  \\$acondition reviewed$c20150501$fTESTPROGRAM$fTESTPROGRAM Gold$iissue-level$lmarginalia$zv. 39 marginalia
=852  0\$aTESTINST1$bHDC$ctestprogram-trust
=866  30$80$a9(1936)-12(1939), 26(1953)-37(1964), 39(1966)-73(2003)

