=LDR  00757    a2200217 n 4500
=001  22822692720003841
=003  TestILS
=004  991030481059703841
=005  20210520081217.46
=007  ta
=008  1507280u\\\\0\\\0001ba\\\0\\\\\\\\\\\\\\
=014  1\$a43579898$bOCoLC
=022  0\$a1544-6751$l1544-6751
=035  \\$a(OCoLC)43579898
=035  \\$a(TestILS)c13645699-01asu_inst
=245  10$aOdyssey :$bnew directions in deaf education /$cLaurent Clerc National Deaf Education Center.
=561  \\$aUUS
=583  \\$acommitted to retain$c20150728$dDecember 31, 2035$fTESTPROGRAM$fTESTPROGRAM Gold$uhttp://localhost/services/testprogram/docs/TESTPROGRAMProgramStatement.pdf
=583  \\$acompleteness reviewed$c20150728$fTESTPROGRAM$fTESTPROGRAM Gold$iissue-level
=583  \\$acondition reviewed$c20150728$fTESTPROGRAM$fTESTPROGRAM Gold$iissue-level
=852  0\$aTESTINST1$bHDC$ctestprogram-trust$hHV2510$i.O39
=866  30$80$a1(2000)-9(2008)

