=LDR  00740ny  a22002173n 4500
=001  22911561090003841
=003  TestILS
=004  991030551819703841
=005  20210520081217.46
=007  ta
=008  1404160u\\\\0\\\0001ba\\\0\\\\\\\\\\\\\\
=014  1\$a8813478$bOCoLC
=022  1\$a0734-6891
=035  \\$a(OCoLC)8813478
=035  \\$a(TestILS)c13381908-01asu_inst
=245  00$aBaseball research journal.
=561  \\$aTESTINST1
=561  \\$aOKU
=583  \\$acommitted to retain$c20140416$dDecember 31, 2035$fTESTPROGRAM$fTESTPROGRAM Silver$uhttp://localhost/services/testprogram/docs/TESTPROGRAMProgramStatement.pdf
=583  \\$acompleteness reviewed$c20140416$fTESTPROGRAM$fTESTPROGRAM Silver$ivolume-level$lmissing volumes$zmissing no.1-3, 26
=852  0\$aTESTINST1$bHDC$ctestprogram-trust
=866  30$80$ano.4(1975)-25(1996), 27(1998)-35(2007)

