=LDR  00752ny  a22002293n 4500
=001  22928610070003841
=003  TestILS
=004  991011755449703841
=005  20210520081217.56
=007  ta
=008  1206120u\\\\0\\\0001ba\\\0\\\\\\\\\\\\\\
=014  1\$a1770462$bOCoLC
=022  \\$a0044-2666
=035  \\$a(OCoLC)1770462
=035  \\$a(TestILS)c12792731-01asu_inst
=245  00$aZeitschrift für Ethnologie.
=561  \\$aTESTINST1
=561  \\$aAZU
=583  \\$acommitted to retain$c20120612$dDecember 31, 2035$fTESTPROGRAM$fTESTPROGRAM Gold$uhttp://localhost/services/testprogram/docs/TESTPROGRAMProgramStatement.pdf
=583  \\$acompleteness reviewed$c20120612$fTESTPROGRAM$fTESTPROGRAM Gold$iissue-level
=583  \\$acondition reviewed$c20120612$fTESTPROGRAM$fTESTPROGRAM Gold$iissue-level
=852  0\$aTESTINST1$bHDC$ctestprogram-trust
=866  30$80$a1(1869)-130(2005)

