=LDR  00831    a2200241 n 4500
=001  22818152120003841
=003  TestILS
=004  991011739139703841
=005  20210520081217.48
=007  ta
=008  1505060u\\\\0\\\0001ba\\\0\\\\\\\\\\\\\\
=014  1\$a1766343$bOCoLC
=022  \\$a0038-7584
=035  \\$a(OCoLC)1766343
=035  \\$a(TestILS)c13597474-01asu_inst
=245  00$aSpirit.
=561  \\$aTESTINST1
=561  \\$aCUF
=583  \\$acommitted to retain$c20150506$dDecember 31, 2035$fTESTPROGRAM$fTESTPROGRAM Gold$uhttp://localhost/services/testprogram/docs/TESTPROGRAMProgramStatement.pdf
=583  \\$acompleteness reviewed$c20150506$fTESTPROGRAM$fTESTPROGRAM Gold$iissue-level$lmissing issues$lmissing v.35 issue 5; v.37 issue 4
=583  \\$acondition reviewed$c20150506$fTESTPROGRAM$fTESTPROGRAM Gold$iissue-level
=852  0\$aTESTINST1$bHDC$ctestprogram-trust
=866  30$80$a1(1934)-54(1988)
=867  30$80$a49(1983)

