=LDR  00785    a2200229 n 4500
=001  22896849920003841
=003  TestILS
=004  991027185829703841
=005  20210520081217.80
=007  ta
=008  1605010u\\\\0\\\0001ba\\\0\\\\\\\\\\\\\\
=014  1\$a7781208$bOCoLC
=022  0\$a0733-9011
=030  \\$aCMTRDJ
=035  \\$a(OCoLC)7781208
=035  \\$a(TestILS)c13792039-01asu_inst
=245  00$aComposites technology review.
=561  \\$aTESTINST1
=583  \\$acommitted to retain$c20160501$dDecember 31, 2035$fTESTPROGRAM$fTESTPROGRAM Gold$uhttp://localhost/services/testprogram/docs/TESTPROGRAMProgramStatement.pdf
=583  \\$acompleteness reviewed$c20160501$fTESTPROGRAM$fTESTPROGRAM Gold$iissue-level$lmissing volumes$zmissing v.1-2
=583  \\$acondition reviewed$c20160501$fTESTPROGRAM$fTESTPROGRAM Gold$iissue-level
=852  0\$aTESTINST1$bHDC$ctestprogram-trust
=866  30$80$a3(1981)-6(1984)

