=LDR  00667nx  a22001931n 4500
=003  TestILS
=004  991010255939703841
=007  ta
=001  221133019490003841
=008  1912315u\\\\0\\\0000ba\\\0\\\\\\
=005  20210520081217.70
=022  \\$a1520-3603
=035  \\$a(OCoLC)28526856
=245  00$aNotable Hispanic American women.
=583  \\$acommitted to retain$c20191231$dDecember 31, 2035$fTESTPROGRAM$fTESTPROGRAM Gold$uhttp://localhost/services/testprogram/docs/TESTPROGRAMProgramStatement.pdf
=583  \\$acompleteness reviewed$c20191231$fTESTPROGRAM$fTESTPROGRAM Gold$iissue level
=583  \\$acondition reviewed$c20191231$fTESTPROGRAM$fTESTPROGRAM Gold$iissue level
=561  \\$aTESTINST1
=852  0\$aTESTINST1$bHDC$ctestprogram-trust$hE184.S75$iN68
=866  30$80$ano.1(1993)-2(1998)

