=LDR  00671nx  a22001811n 4500
=003  TestILS
=004  991018992319703841
=007  ta
=001  221111758960003841
=008  1906050u\\\\0\\\0000ba\\\0\\\\\\
=005  20210520081217.72
=022  \\$a0326-9671
=035  \\$a(OCoLC)17554685
=245  00$aAnuario IEHS.
=583  \\$acommitted to retain$c20190605$dDecember 31, 2035$fTESTPROGRAM$fTESTPROGRAM Silver$uhttp://localhost/services/testprogram/docs/TESTPROGRAMProgramStatement.pdf
=583  \\$acompleteness reviewed$c20190605$fTESTPROGRAM$fTESTPROGRAM Silver$ivolume level$lmissing volumes$zmissing no.6(1987)-no.7(1988)
=561  \\$aTESTINST1
=852  0\$aTESTINST1$bHDC$ctestprogram-trust$hF2801$i.A64x
=866  30$80$ano.1(1986)-no.5(1990), no.8(1993)-no.21(2006)

