=LDR  00750    a2200229 n 4500
=001  22903498150003841
=003  TestILS
=004  991037143719703841
=005  20210520081217.99
=007  ta
=008  1306100u\\\\0\\\0001ba\\\0\\\\\\\\\\\\\\
=014  1\$a13561582$bOCoLC
=022  0\$a0888-3742
=035  \\$a(OCoLC)13561582
=035  \\$a(TestILS)c13183667-01asu_inst
=245  04$aThe best American essays.
=561  \\$aTESTINST1
=561  \\$aCUV
=583  \\$acommitted to retain$c20130610$dDecember 31, 2035$fTESTPROGRAM$fTESTPROGRAM Gold$uhttp://localhost/services/testprogram/docs/TESTPROGRAMProgramStatement.pdf
=583  \\$acompleteness reviewed$c20130610$fTESTPROGRAM$fTESTPROGRAM Gold$iissue-level
=583  \\$acondition reviewed$c20130610$fTESTPROGRAM$fTESTPROGRAM Gold$iissue-level
=852  0\$aTESTINST1$bHDC$ctestprogram-trust
=866  30$80$a(1986)-(2005)

