=LDR  00690ny  a22002053n 4500
=001  22860589350003841
=003  TestILS
=004  991046957599703841
=005  20210520081217.39
=007  ta
=008  1505290u\\\\0\\\0001ba\\\0\\\\\\\\\\\\\\
=014  1\$a50946221$bOCoLC
=022  0\$a1542-412X
=035  \\$a(OCoLC)50946221
=035  \\$a(TestILS)c13607285-01asu_inst
=245  00$aAnnual review of nursing education.
=561  \\$aTESTINST1
=583  \\$acommitted to retain$c20150529$dDecember 31, 2035$fTESTPROGRAM$fTESTPROGRAM Silver$uhttp://localhost/services/testprogram/docs/TESTPROGRAMProgramStatement.pdf
=583  \\$acompleteness reviewed$c20150529$fTESTPROGRAM$fTESTPROGRAM Silver$ivolume-level$lmissing volumes$zmissing vols. 1-2
=852  0\$aTESTINST1$bHDC$ctestprogram-trust
=866  30$80$a3(2005)

