=LDR  00768    a2200205 n 4500
=001  22932382210003841
=003  TestILS
=004  991044278869703841
=005  20210520081217.51
=007  ta
=008  1405150u\\\\0\\\0001ba\\\0\\\\\\\\\\\\\\
=014  1\$a37623257$bOCoLC
=035  \\$a(OCoLC)37623257
=035  \\$a(TestILS)c13404374-01asu_inst
=245  10$aInternational Congress on High Speed Photography and Photonics :$b[proceedings] /$csponsored by [the] Chinese Optical Society.
=561  \\$aTESTINST1
=583  \\$acommitted to retain$c20140515$dDecember 31, 2035$fTESTPROGRAM$fTESTPROGRAM Gold$uhttp://localhost/services/testprogram/docs/TESTPROGRAMProgramStatement.pdf
=583  \\$acompleteness reviewed$c20140515$fTESTPROGRAM$fTESTPROGRAM Gold$iissue-level$lmissing volumes$zmissing no. 19, 21
=583  \\$acondition reviewed$c20140515$fTESTPROGRAM$fTESTPROGRAM Gold$iissue-level
=852  0\$aTESTINST1$bHDC$ctestprogram-trust
=866  30$80$ano.18(1988), 20(1992), 22(1996)-25(2002)

