=LDR  00724nx  a22001931n 4500
=003  TestILS
=004  991042395419703841
=007  ta
=001  221134648560003841
=008  1912315u\\\\0\\\0000ba\\\0\\\\\\
=005  20210520081217.59
=022  \\$a1045-456X$l1045-456X$y1045-465X
=035  \\$a(OCoLC)20115225$z(OCoLC)21729493$z(OCoLC)317373039
=245  00$aDirectory of historical organizations in the United States and Canada.
=583  \\$acommitted to retain$c20191231$dDecember 31, 2035$fTESTPROGRAM$fTESTPROGRAM Gold$uhttp://localhost/services/testprogram/docs/TESTPROGRAMProgramStatement.pdf
=583  \\$acompleteness reviewed$c20191231$fTESTPROGRAM$fTESTPROGRAM Gold$iissue level
=583  \\$acondition reviewed$c20191231$fTESTPROGRAM$fTESTPROGRAM Gold$iissue level
=561  \\$aTESTINST1
=852  0\$aTESTINST1$bHDC$ctestprogram-trust$hE172$i.A538
=866  30$80$ano.14(1990)-15(2002)

