=LDR  00822ny  a22002293n 4500
=001  22900904610003841
=003  TestILS
=004  991011613719703841
=005  20210520081217.90
=007  ta
=008  1206040u\\\\0\\\0001ba\\\0\\\\\\\\\\\\\\
=014  1\$a1640759$bOCoLC
=022  \\$a0032-2024$l0032-2024
=035  \\$a(OCoLC)1640759
=035  \\$a(TestILS)c12791313-01asu_inst
=245  00$aPoétique.
=561  \\$aTESTINST1
=561  \\$aAZU
=583  \\$acommitted to retain$c20120604$dDecember 31, 2035$fTESTPROGRAM$fTESTPROGRAM Gold$uhttp://localhost/services/testprogram/docs/TESTPROGRAMProgramStatement.pdf
=583  \\$acompleteness reviewed$c20120604$fTESTPROGRAM$fTESTPROGRAM Gold$iissue-level
=583  \\$acondition reviewed$c20120604$fTESTPROGRAM$fTESTPROGRAM Gold$iissue-level$lprint error$zissue 78 printed upside down
=852  0\$aTESTINST1$bHDC$ctestprogram-trust$hPN3$i.P64
=866  30$80$ano.1(1970)-no144(2005)

