=LDR  00680nx  a22001811n 4500
=003  TestILS
=004  991011845699703841
=007  ta
=001  221111808740003841
=008  1908020u\\\\0\\\0000ba\\\0\\\\\\
=005  20210520081217.37
=022  \\$a0045-5156
=035  \\$a(OCoLC)1887924
=245  00$aCanadian manager =$bManager canadien.
=583  \\$acommitted to retain$c20190802$dDecember 31, 2035$fTESTPROGRAM$fTESTPROGRAM Silver$uhttp://localhost/services/testprogram/docs/TESTPROGRAMProgramStatement.pdf
=583  \\$acompleteness reviewed$c20190802$fTESTPROGRAM$fTESTPROGRAM Silver$ivolume level$lmissing volumes$zmissing v.1(1970)-13(1988), v.16:4(1991), v.21:3(1996), v.25:4(2000)
=561  \\$aTESTINST1
=852  0\$aTESTINST1$bHDC$ctestprogram-trust$hHD28$i.C25x
=866  30$80$a14(1989)-33(2009)

