=LDR  00713ny  a22002053n 4500
=001  22820039760003841
=003  TestILS
=004  991028932779703841
=005  20210520081218.20
=007  ta
=008  1505220u\\\\0\\\0001ba\\\0\\\\\\\\\\\\\\
=014  1\$a8739414$bOCoLC
=022  \\$a0144-431X
=035  \\$a(OCoLC)8739414
=035  \\$a(TestILS)c13605525-01asu_inst
=245  00$aWorld solar markets.
=561  \\$aTESTINST1
=583  \\$acommitted to retain$c20150522$dDecember 31, 2035$fTESTPROGRAM$fTESTPROGRAM Silver$uhttp://localhost/services/testprogram/docs/TESTPROGRAMProgramStatement.pdf
=583  \\$acompleteness reviewed$c20150522$fTESTPROGRAM$fTESTPROGRAM Silver$ivolume-level$lmissing volumes$zmissing 1979-1981
=852  0\$aTESTINST1$bHDC$ctestprogram-trust$hHD9681.A2$iW67x
=866  30$80$a3(1982)-6(1985)

