=LDR  00745nx  a22001691n 4500
=003  TestILS
=004  991016545499703841
=007  ta
=001  221114406280003841
=008  1908080u\\\\0\\\0000ba\\\0\\\\\\
=005  20210520081218.18
=035  \\$a(OCoLC)3300983
=245  00$aOECD economic surveys.$pItaly.
=583  \\$acommitted to retain$c20190808$dDecember 31, 2035$fTESTPROGRAM$fTESTPROGRAM Silver$uhttp://localhost/services/testprogram/docs/TESTPROGRAMProgramStatement.pdf
=583  \\$acompleteness reviewed$c20190808$fTESTPROGRAM$fTESTPROGRAM Silver$ivolume level$lmissing volumes$zmissing 1976, 1978, 2001/2002, 2009, 2011
=561  \\$aTESTINST1
=852  0\$aTESTINST1$bHDC$ctestprogram-trust$hHC301$i.O69
=866  30$80$a(1969)-(1972), (1975), (1977), (1979)-(1981), (1983)-(1987), (1989)-(1991), (1993)-(1997), (1999)-(2000), (2002)-(2003), (2005), (2007)

