=LDR  00844    a2200217 n 4500
=001  22943138660003841
=003  TestILS
=004  991025095549703841
=005  20210520081217.41
=007  ta
=008  1605090u\\\\0\\\0001ba\\\0\\\\\\\\\\\\\\
=014  1\$a1760921$bOCoLC
=022  0\$a0029-6058$l0029-6058$21
=035  \\$a(OCoLC)1760921
=035  \\$a(TestILS)c13793901-01asu_inst
=245  00$aNumismatic scrapbook.
=561  \\$aTESTINST1
=583  \\$acommitted to retain$c20160509$dDecember 31, 2035$fTESTPROGRAM$fTESTPROGRAM Gold$uhttp://localhost/services/testprogram/docs/TESTPROGRAMProgramStatement.pdf
=583  \\$acompleteness reviewed$c20160509$fTESTPROGRAM$fTESTPROGRAM Gold$iissue-level$lmissing volumes$zmissing v.1-3
=583  \\$acondition reviewed$c20160509$fTESTPROGRAM$fTESTPROGRAM Gold$iissue-level$ltight binding$zv.5, 11, 13, 15-34 tight binding
=852  0\$aTESTINST1$bHDC$ctestprogram-trust$hCJ1$i.N67
=866  30$80$a4(1938)-42, no.80(1976)

