=LDR  00647ny  a22002053n 4500
=001  22970074990003841
=003  TestILS
=004  991020827999703841
=005  20210520081217.84
=007  ta
=008  1306030u\\\\0\\\0001ba\\\0\\\\\\\\\\\\\\
=014  1\$a4417636$bOCoLC
=022  \\$a0141-0423
=035  \\$a(OCoLC)4417636
=035  \\$a(TestILS)c13182389-01asu_inst
=245  00$aJournal of research in reading.
=561  \\$aTESTINST1
=583  \\$acommitted to retain$c20130603$dDecember 31, 2035$fTESTPROGRAM$fTESTPROGRAM Silver$uhttp://localhost/services/testprogram/docs/TESTPROGRAMProgramStatement.pdf
=583  \\$acompleteness reviewed$c20130603$fTESTPROGRAM$fTESTPROGRAM Silver
=852  0\$aTESTINST1$bHDC$ctestprogram-trust
=866  30$80$a1(1978)-28(2005)

