=LDR  00593nx  a22001811n 4500
=003  TestILS
=004  991018854789703841
=007  ta
=001  221114405730003841
=008  1908080u\\\\0\\\0000ba\\\0\\\\\\
=005  20210520081217.72
=022  \\$a0102-4264
=035  \\$a(OCoLC)4043060
=245  00$aActa semiotica et linguistica.
=583  \\$acommitted to retain$c20190808$dDecember 31, 2035$fTESTPROGRAM$fTESTPROGRAM Silver$uhttp://localhost/services/testprogram/docs/TESTPROGRAMProgramStatement.pdf
=583  \\$acompleteness reviewed$c20190808$fTESTPROGRAM$fTESTPROGRAM Silver$ivolume level
=561  \\$aTESTINST1
=852  0\$aTESTINST1$bHDC$ctestprogram-trust$hP1.A1$iA27
=866  30$80$ano.1(1977)-9(2002)

