=LDR  00731    a2200217 n 4500
=001  22821302810003841
=003  TestILS
=004  991011548669703841
=005  20210520081218.04
=007  ta
=008  1505150u\\\\0\\\0001ba\\\0\\\\\\\\\\\\\\
=014  1\$a1567969$bOCoLC
=022  \\$a0425-0575
=035  \\$a(OCoLC)1567969
=035  \\$a(TestILS)c13598545-01asu_inst
=245  00$aEnglish miscellany.
=561  \\$aTESTINST1
=583  \\$acommitted to retain$c20150515$dDecember 31, 2035$fTESTPROGRAM$fTESTPROGRAM Gold$uhttp://localhost/services/testprogram/docs/TESTPROGRAMProgramStatement.pdf
=583  \\$acompleteness reviewed$c20150515$fTESTPROGRAM$fTESTPROGRAM Gold$iissue-level
=583  \\$acondition reviewed$c20150515$fTESTPROGRAM$fTESTPROGRAM Gold$iissue-level
=852  0\$aTESTINST1$bHDC$ctestprogram-trust
=866  30$80$a1(1950)-30(1984)

