=LDR  00663nx  a22001931n 4500
=003  TestILS
=004  991030599429703841
=007  ta
=001  221034289220003841
=008  1709050u\\\\0\\\0000ba\\\0\\\\\\
=005  20210520081217.58
=022  \\$a0748-2760
=035  \\$a(OCoLC)9632206
=245  00$aContemporary geriatric medicine.
=583  \\$acommitted to retain$c20170905$dDecember 31, 2035$fTESTPROGRAM$fTESTPROGRAM Gold$uhttp://localhost/services/testprogram/docs/TESTPROGRAMProgramStatement.pdf
=583  \\$acompleteness reviewed$c20170905$fTESTPROGRAM$fTESTPROGRAM Gold$iissue-level
=583  \\$acondition reviewed$c20170905$fTESTPROGRAM$fTESTPROGRAM Gold$iissue-level
=561  \\$aTESTINST1
=852  0\$aTESTINST1$bHDC$ctestprogram-trust$hRC952.A1$iC66
=866  30$80$a1(1983)-3(1988)

