=LDR  00881    a2200217 n 4500
=001  22881409230003841
=003  TestILS
=004  991011916519703841
=005  20210520081217.89
=007  ta
=008  1605010u\\\\0\\\0001ba\\\0\\\\\\\\\\\\\\
=014  1\$a2252113$bOCoLC
=022  0\$a0080-8784
=035  \\$a(OCoLC)2252113
=035  \\$a(TestILS)c13792106-01asu_inst
=245  00$aSemiconductors and semimetals.
=561  \\$aTESTINST1
=583  \\$acommitted to retain$c20160501$dDecember 31, 2035$fTESTPROGRAM$fTESTPROGRAM Gold$uhttp://localhost/services/testprogram/docs/TESTPROGRAMProgramStatement.pdf
=583  \\$acompleteness reviewed$c20160501$fTESTPROGRAM$fTESTPROGRAM Gold$iissue-level$lmissing volumes$zmissing v.25, 29, 32, 38-39, 49, 51A-51B, 54, 69-71, 73, 80
=583  \\$acondition reviewed$c20160501$fTESTPROGRAM$fTESTPROGRAM Gold$iissue-level$lmarginalia$zv.7B, v.22, v.22, 65 marginalia$lhighlighting$zv.8, 20, 22
=852  0\$aTESTINST1$bHDC$ctestprogram-trust
=866  30$80$a1(1966)-81(2007)

