=LDR  00754    a2200229 n 4500
=001  22956243710003841
=003  TestILS
=004  991011725309703841
=005  20210520081217.47
=007  ta
=008  1505270u\\\\0\\\0001ba\\\0\\\\\\\\\\\\\\
=014  1\$a1763805$bOCoLC
=022  \\$a0080-1844
=030  \\$aRCLDAT
=035  \\$a(OCoLC)1763805
=035  \\$a(TestILS)c13606086-01asu_inst
=245  00$aResults and problems in cell differentiation.
=561  \\$aTESTINST1
=583  \\$acommitted to retain$c20150527$dDecember 31, 2035$fTESTPROGRAM$fTESTPROGRAM Gold$uhttp://localhost/services/testprogram/docs/TESTPROGRAMProgramStatement.pdf
=583  \\$acompleteness reviewed$c20150527$fTESTPROGRAM$fTESTPROGRAM Gold$iissue-level
=583  \\$acondition reviewed$c20150527$fTESTPROGRAM$fTESTPROGRAM Gold$iissue-level
=852  0\$aTESTINST1$bHDC$ctestprogram-trust
=866  30$80$a1(1968)-40(2002)

