=LDR  00753    a2200217 n 4500
=001  22887608150003841
=003  TestILS
=004  991011585799703841
=005  20210520081217.79
=007  ta
=008  1405080u\\\\0\\\0001ba\\\0\\\\\\\\\\\\\\
=014  1\$a5819318$bOCoLC
=022  0\$a0542-9854$l0542-9854
=035  \\$a(OCoLC)5819318
=035  \\$a(TestILS)c13403023-01asu_inst
=245  00$aMasterplots annual.
=561  \\$aTESTINST1
=583  \\$acommitted to retain$c20140508$dDecember 31, 2035$fTESTPROGRAM$fTESTPROGRAM Gold$uhttp://localhost/services/testprogram/docs/TESTPROGRAMProgramStatement.pdf
=583  \\$acompleteness reviewed$c20140508$fTESTPROGRAM$fTESTPROGRAM Gold$iissue-level
=583  \\$acondition reviewed$c20140508$fTESTPROGRAM$fTESTPROGRAM Gold$iissue-level
=852  0\$aTESTINST1$bHDC$ctestprogram-trust$hPN44$i.M344x
=866  30$80$a(1957)-(1976)

