=LDR  00853    a2200241 n 4500
=001  22821315970003841
=003  TestILS
=004  991011549719703841
=005  20210520081218.04
=007  ta
=008  1505270u\\\\0\\\0001ba\\\0\\\\\\\\\\\\\\
=014  1\$a1568103$bOCoLC
=022  \\$a0013-9432
=030  \\$aENZYBT
=035  \\$a(OCoLC)1568103
=035  \\$a(TestILS)c1360580x-01asu_inst
=245  00$aEnzyme.
=561  \\$aTESTINST1
=583  \\$acommitted to retain$c20150527$dDecember 31, 2035$fTESTPROGRAM$fTESTPROGRAM Gold$uhttp://localhost/services/testprogram/docs/TESTPROGRAMProgramStatement.pdf
=583  \\$acompleteness reviewed$c20150527$fTESTPROGRAM$fTESTPROGRAM Gold$iissue-level$lmissing volumes$zmissing vols. 13, 15-20
=583  \\$acondition reviewed$c20150527$fTESTPROGRAM$fTESTPROGRAM Gold$iissue-level
=852  0\$aTESTINST1$bHDC$ctestprogram-trust
=866  30$80$a12(1971)-14(1973), 21(1976)-46(1992)
=867  30$80$a37(1987)-40(1988)

