=LDR  00611nx  a22001811n 4500
=003  TestILS
=004  991048413198903841
=007  ta
=001  221117079800003841
=008  1905310u\\\\0\\\0000ba\\\0\\\\\\
=005  20210520081217.93
=022  \\$a2642-2573
=035  \\$a(OCoLC)6898697
=245  00$aCurrent history and modern culture :$ba monthly illustrated chronicle of the world's progress.
=583  \\$acommitted to retain$c20190531$dDecember 31, 2035$fTESTPROGRAM$fTESTPROGRAM Silver$uhttp://localhost/services/testprogram/docs/TESTPROGRAMProgramStatement.pdf
=583  \\$acompleteness reviewed$c20190531$fTESTPROGRAM$fTESTPROGRAM Silver$ivolume level$lmissing volumes$zmissing
=561  \\$aTESTINST1
=852  0\$aTESTINST1$bHDC$ctestprogram-trust$hD394$i.C9
=866  30$80$a12(1902/03)

