=LDR  00767ny  a22002053n 4500
=001  22925211240003841
=003  TestILS
=004  991014187769703841
=005  20210520081217.93
=007  ta
=008  1206070u\\\\0\\\0001ba\\\0\\\\\\\\\\\\\\
=014  1\$a2473380$bOCoLC
=022  \\$a0886-800X
=035  \\$a(OCoLC)2473380
=035  \\$a(TestILS)c12791696-01asu_inst
=245  04$aThe Tulane drama review.
=561  \\$aTESTINST1
=583  \\$acommitted to retain$c20120607$dDecember 31, 2035$fTESTPROGRAM$fTESTPROGRAM Silver$uhttp://localhost/services/testprogram/docs/TESTPROGRAMProgramStatement.pdf
=583  \\$acompleteness reviewed$c20120607$fTESTPROGRAM$fTESTPROGRAM Silver$ivolume-level$lbinding patterns vary$zvol.1-2 bound as single unit$lreprints$zvol. 1-2 reprints
=852  0\$aTESTINST1$bHDC$ctestprogram-trust$hPN1601$i.T8
=866  30$80$a1(1957/1958)-11(1966/1967)

