=LDR  00787ny  a22002053n 4500
=001  22928733180003841
=003  TestILS
=004  991011773259703841
=005  20210520081217.56
=007  ta
=008  1305290u\\\\0\\\0001ba\\\0\\\\\\\\\\\\\\
=014  1\$a1778759$bOCoLC
=022  1\$a0093-1756
=035  \\$a(OCoLC)1778759
=035  \\$a(TestILS)c13181385-01asu_inst
=245  00$aNational rehabilitation news.
=561  \\$aTESTINST1
=583  \\$acommitted to retain$c20130529$dDecember 31, 2035$fTESTPROGRAM$fTESTPROGRAM Silver$uhttp://localhost/services/testprogram/docs/TESTPROGRAMProgramStatement.pdf
=583  \\$acompleteness reviewed$c20130529$fTESTPROGRAM$fTESTPROGRAM Silver$ivolume-level$lReprints$zvols. 11-20, 22 Reprints$lbinding patterns vary$zfor vols. 6-7 and 8-9, two volumes bound together as single piece
=852  0\$aTESTINST1$bHDC$ctestprogram-trust
=866  30$80$a1(1935)-10(1945)

