=LDR  00682ny  a22002173n 4500
=001  22969191890003841
=003  TestILS
=004  991011486239703841
=005  20210520081217.68
=007  ta
=008  1206080u\\\\0\\\0001ba\\\0\\\\\\\\\\\\\\
=014  1\$a1490601$bOCoLC
=022  \\$a0031-8116
=035  \\$a(OCoLC)1490601
=035  \\$a(TestILS)c12791982-01asu_inst
=245  00$aPhilosophical studies.
=561  \\$aTESTINST1
=561  \\$aORE
=583  \\$acommitted to retain$c20120608$dDecember 31, 2035$fTESTPROGRAM$fTESTPROGRAM Silver$uhttp://localhost/services/testprogram/docs/TESTPROGRAMProgramStatement.pdf
=583  \\$acompleteness reviewed$c20120608$fTESTPROGRAM$fTESTPROGRAM Silver$ivolume-level
=852  0\$aTESTINST1$bHDC$ctestprogram-trust
=866  30$80$a1(1950)-127(2006)

