=LDR  00706    a2200205 n 4500
=001  22904443020003841
=003  TestILS
=004  991037134789703841
=005  20210520081217.99
=007  ta
=008  1405080u\\\\0\\\0001ba\\\0\\\\\\\\\\\\\\
=014  1\$a13245901$bOCoLC
=035  \\$a(OCoLC)13245901
=035  \\$a(TestILS)c13403217-01asu_inst
=245  00$aNational avocational organizations.
=561  \\$aTESTINST1
=583  \\$acommitted to retain$c20140508$dDecember 31, 2035$fTESTPROGRAM$fTESTPROGRAM Gold$uhttp://localhost/services/testprogram/docs/TESTPROGRAMProgramStatement.pdf
=583  \\$acompleteness reviewed$c20140508$fTESTPROGRAM$fTESTPROGRAM Gold$iissue-level
=583  \\$acondition reviewed$c20140508$fTESTPROGRAM$fTESTPROGRAM Gold$iissue-level
=852  0\$aTESTINST1$bHDC$ctestprogram-trust
=866  30$80$a6(1986)-7(1987)

