=LDR  00696nx  a22002051n 4500
=003  TestILS
=004  991011659109703841
=007  ta
=001  221134223860003841
=008  1912315u\\\\0\\\0000ba\\\0\\\\\\
=005  20210520081217.61
=022  \\$a0045-9151
=035  \\$a(OCoLC)1716070
=245  04$aThe cryptogram.
=583  \\$acommitted to retain$c20191231$dDecember 31, 2035$fTESTPROGRAM$fTESTPROGRAM Gold$uhttp://localhost/services/testprogram/docs/TESTPROGRAMProgramStatement.pdf
=583  \\$acompleteness reviewed$c20191231$fTESTPROGRAM$fTESTPROGRAM Gold$iissue level
=583  \\$acondition reviewed$c20191231$fTESTPROGRAM$fTESTPROGRAM Gold$iissue level
=561  \\$aTESTINST1
=852  0\$aTESTINST1$bHDC$ctestprogram-trust$hZ104$i.C9
=866  30$80$a1(1932)-14(1945)
=868  30$80$a1(1932)-11(1942)

