=LDR  00801ny  a22002053n 4500
=001  22897083810003841
=003  TestILS
=004  991011637919703841
=005  20210520081217.60
=007  ta
=008  1305300u\\\\0\\\0001ba\\\0\\\\\\\\\\\\\\
=014  1\$a1681079$bOCoLC
=022  \\$a0016-8998
=035  \\$a(OCoLC)1681079
=035  \\$a(TestILS)c13181580-01asu_inst
=245  00$aGerontologia clinica :$bofficial journal of the British Geriatrics Society.
=561  \\$aTESTINST1
=583  \\$acommitted to retain$c20130530$dDecember 31, 2035$fTESTPROGRAM$fTESTPROGRAM Silver$uhttp://localhost/services/testprogram/docs/TESTPROGRAMProgramStatement.pdf
=583  \\$acompleteness reviewed$c20130530$fTESTPROGRAM$fTESTPROGRAM Silver$ivolume-level$lmissing volumes$zmissing vols. 1(1959)$lbinding patterns vary$zfor vols. 5-6, 9-12 two volumes bound together as single unit
=852  0\$aTESTINST1$bHDC$ctestprogram-trust$hRC952.A1$iG4
=866  30$80$a2(1960)-17(1975)

