=LDR  00758nx  a22001931n 4500
=003  TestILS
=004  991011867769703841
=007  ta
=001  221154736600003841
=008  2104185u\\\\0\\\0000ba\\\0\\\\\\
=005  20210520081217.39
=022  \\$a0040-6430
=035  \\$a(OCoLC)2078462
=245  00$aThoth.
=583  \\$acommitted to retain$c20210418$d20351231$fTESTPROGRAM$fTESTPROGRAM Gold$uhttp://localhost/services/testprogram/docs/TESTPROGRAMProgramStatement.pdf
=583  \\$acompleteness reviewed$c20210418$fTESTPROGRAM$fTESTPROGRAM Gold$iissue level$lmissing issues$zmissing v.11:2(1970)-v.14(1973)$lreprints$zv.1(1959)-3(1962) reprints
=583  \\$acondition reviewed$c20210418$fTESTPROGRAM$fTESTPROGRAM Gold$iissue level
=561  \\$aTESTINST1
=852  0\$aTESTINST1$bHDC$ctestprogram-trust$hPR1$i.T44x
=866  30$80$a1(1959)-11(1970), 15(1974)-16(1976)

