=LDR  01188nx  a22001931n 4500
=003  TestILS
=004  991022868509703841
=007  ta
=001  221041919210003841
=008  1709130u\\\\0\\\0000ba\\\0\\\\\\
=005  20210520081218.14
=022  \\$a0736-0509
=035  \\$a(OCoLC)5375405
=245  00$aContributions from the New York Botanical Garden.
=583  \\$acommitted to retain$c20170913$dDecember 31, 2035$fTESTPROGRAM$fTESTPROGRAM Gold$uhttp://localhost/services/testprogram/docs/TESTPROGRAMProgramStatement.pdf
=583  \\$acompleteness reviewed$c20170913$fTESTPROGRAM$fTESTPROGRAM Gold$iissue-level$lmissing volumes$zmissing nos.11, 19-21, 37, 39, 45, 48, 68, 74, 79, 81, 91, 97-98, 126, 152, 157, 161, 163, 165-167, 171, 174, 177, 180, 184, 186, 189, 219
=583  \\$acondition reviewed$c20170913$fTESTPROGRAM$fTESTPROGRAM Gold$iissue-level
=561  \\$aTESTINST1
=852  0\$aTESTINST1$bHDC$ctestprogram-trust$hQK1$i.N515
=866  30$80$ano.1(1899)-10(1990), 12(1901)-18(1901), 22(1902)-36(1903), 38-44(1903), 46-47(1903), 49-53(1904)-67(1905), 69(1905)-78(1906), 80(1905), 82(1906)-90(1907), 92-96(1907), 99(1907)-125(1909), 127(1909)-151(1912), 153(1912)-156(1913), 158-160(1913), 162(1913), 164(1914), 168-173(1914), 175-176,178-179,181-183,185(1915), 187-188(1916),190(1916)-218(1920), 220-225(1920), v.19(1987)-20(1993)

