=LDR  00733nx  a22001931n 4500
=003  TestILS
=004  991014162609703841
=007  ta
=001  221147868880003841
=008  2006265u\\\\0\\\0000ba\\\0\\\\\\
=005  20210520081217.92
=022  \\$a0090-3884
=035  \\$a(OCoLC)2353855
=245  00$aSteam-electric plant factors /$can annual study by the Department of Coal Economics, National Coal Association.
=583  \\$acommitted to retain$c20200630$dDecember 31, 2035$fTESTPROGRAM$fTESTPROGRAM Gold$uhttp://localhost/services/testprogram/docs/TESTPROGRAMProgramStatement.pdf
=583  \\$acompleteness reviewed$c20200630$fTESTPROGRAM$fTESTPROGRAM Gold$i issue level$lmissing issues$zmissing (1956)-(1971), (1973), (1976)-(1993)
=583  \\$acondition reviewed$c20200630$fTESTPROGRAM$fTESTPROGRAM Gold$iissue level
=561  \\$aTESTINST1
=852  0\$aTESTINST1$bHDC$ctestprogram-trust$hHD9685.U4$iN26
=866  30$80$a(1972), (1974)-(1975)

