=LDR  00713    a2200205 n 4500
=001  22966988480003841
=003  TestILS
=004  991004843749703841
=005  20210520081218.09
=007  ta
=008  1404160u\\\\0\\\0001ba\\\0\\\\\\\\\\\\\\
=014  1\$a23285894$bOCoLC
=035  \\$a(OCoLC)23285894
=035  \\$a(TestILS)c13402237-01asu_inst
=245  00$aUniversity of Chicago geography research paper.
=561  \\$aTESTINST1
=583  \\$acommitted to retain$c20140416$dDecember 31, 2035$fTESTPROGRAM$fTESTPROGRAM Gold$uhttp://localhost/services/testprogram/docs/TESTPROGRAMProgramStatement.pdf
=583  \\$acompleteness reviewed$c20140416$fTESTPROGRAM$fTESTPROGRAM Gold$iissue-level
=583  \\$acondition reviewed$c20140416$fTESTPROGRAM$fTESTPROGRAM Gold$iissue-level
=852  0\$aTESTINST1$bHDC$ctestprogram-trust
=866  30$80$ano.231(1990)-245(2004)

