=LDR  00756ny  a22002053n 4500
=001  22924918490003841
=003  TestILS
=004  991033874989703841
=005  20210520081218.00
=007  ta
=008  1502200u\\\\0\\\0001ba\\\0\\\\\\\\\\\\\\
=014  1\$a10761886$bOCoLC
=022  0\$a0747-5535
=035  \\$a(OCoLC)10761886
=035  \\$a(TestILS)c1356870x-01asu_inst
=245  00$aQuarterly journal of business and economics :$bQJBE /$cUniversity of Nebraska--Lincoln.
=561  \\$aCDS
=583  \\$acommitted to retain$c20150220$dDecember 31, 2035$fTESTPROGRAM$fTESTPROGRAM Silver$uhttp://localhost/services/testprogram/docs/TESTPROGRAMProgramStatement.pdf
=583  \\$acompleteness reviewed$c20150220$fTESTPROGRAM$fTESTPROGRAM Silver$ivolume-level$lbinding patterns vary$zfor 40-41, 42-43, 44-45, two volumes bound together as single piece
=852  0\$aTESTINST1$bHDC$ctestprogram-trust
=866  30$80$a37(1998)-46(2007)

