=LDR  00617nx  a22001691n 4500
=003  TestILS
=004  991042422899703841
=007  ta
=001  221157892390003841
=008  2012070u\\\\0\\\0000ba\\\0\\\\\\
=005  20210520081217.51
=035  \\$a(OCoLC)21110394
=245  10$aJapan.
=583  \\$acommitted to retain$c20201207$dDecember 31, 2035$fTESTPROGRAM$fTESTPROGRAM Silver$uhttp://localhost/services/testprogram/docs/TESTPROGRAMProgramStatement.pdf
=583  \\$acompleteness reviewed$c20201207$fTESTPROGRAM$fTESTPROGRAM Silver$ivolume level$lmissing volumes$zmissing 1992, no.4 and 1993, no.1
=561  \\$aTESTINST1
=852  0\$aTESTINST1$bHDC$ctestprogram-trust$hHC461$i.J28x
=866  30$80$a(1989)-(1993)

