=LDR  00737ny  a22002293n 4500
=001  22912708950003841
=003  TestILS
=004  991016527629703841
=005  20210520081218.11
=007  ta
=008  1306130u\\\\0\\\0001ba\\\0\\\\\\\\\\\\\\
=014  1\$a3081870$bOCoLC
=022  \\$a0147-0418
=022  0\$a0147-0418
=035  \\$a(OCoLC)3081870
=035  \\$a(TestILS)c13185354-01asu_inst
=245  00$aJournal of interior design education and research.
=561  \\$aTESTINST1
=561  \\$aOKU
=583  \\$acommitted to retain$c20130613$dDecember 31, 2035$fTESTPROGRAM$fTESTPROGRAM Silver$uhttp://localhost/services/testprogram/docs/TESTPROGRAMProgramStatement.pdf
=583  \\$acompleteness reviewed$c20130613$fTESTPROGRAM$fTESTPROGRAM Silver$ivolume-level$lReprints$zvols. 1-3 Reprints
=852  0\$aTESTINST1$bHDC$ctestprogram-trust
=866  30$80$a1(1975)-18(1992)

