=LDR  00692nx  a22001931n 4500
=003  TestILS
=004  991027154239703841
=007  ta
=001  221159384850003841
=008  2103020u\\\\0\\\0000ba\\\0\\\\\\
=005  20210520081217.69
=022  \\$a0388-7596
=035  \\$a(OCoLC)7450957
=245  00$aKeio communication review.
=583  \\$acommitted to retain$c20210302$d20351231$fTESTPROGRAM$fTESTPROGRAM Gold$uhttp://localhost/services/testprogram/docs/TESTPROGRAMProgramStatement.pdf
=583  \\$acompleteness reviewed$c20210302$fTESTPROGRAM$fTESTPROGRAM Gold$iissue level$lmissing issues$zmissing no.16 and after
=583  \\$acondition reviewed$c20210302$fTESTPROGRAM$fTESTPROGRAM Gold$iissue level
=561  \\$aTESTINST1
=852  0\$aTESTINST1$bHDC$ctestprogram-trust$hP87$i.K4x
=866  30$80$a1(1980)-15(1993)

