=LDR  00703nx  a22001931n 4500
=003  TestILS
=004  991018821579703841
=007  ta
=001  221155039760003841
=008  2103245u\\\\0\\\0000ba\\\0\\\\\\
=005  20210520081217.64
=022  \\$a0307-7667
=035  \\$a(OCoLC)3525664
=245  04$aThe Quarterly review of marketing.
=583  \\$acommitted to retain$c20210324$d20351231$fTESTPROGRAM$fTESTPROGRAM Gold$uhttp://localhost/services/testprogram/docs/TESTPROGRAMProgramStatement.pdf
=583  \\$acompleteness reviewed$c20210324$fTESTPROGRAM$fTESTPROGRAM Gold$iissue level$lmissing issues$zmissing v.1(1975)-8(1982)
=583  \\$acondition reviewed$c20210324$fTESTPROGRAM$fTESTPROGRAM Gold$iissue level
=561  \\$aTESTINST1
=852  0\$aTESTINST1$bHDC$ctestprogram-trust$hHF5415$i.Q37
=866  30$80$a9(1983)-16, no.1(1990)

