=LDR  00732nx  a22001931n 4500
=003  TestILS
=004  991011482139703841
=007  ta
=001  221129624350003841
=008  1908165u\\\\0\\\0000ba\\\0\\\\\\
=005  20210520081217.68
=022  \\$a0066-4871
=035  \\$a(OCoLC)1481623$z(OCoLC)241304351
=245  00$aAntiquités africaines.
=583  \\$acommitted to retain$c20190923$dDecember 31, 2035$fTESTPROGRAM$fTESTPROGRAM Gold$uhttp://localhost/services/testprogram/docs/TESTPROGRAMProgramStatement.pdf
=583  \\$acompleteness reviewed$c20190923$fTESTPROGRAM$fTESTPROGRAM Gold$iissue level$lmissing issues$zmissing 35(1999)
=583  \\$acondition reviewed$c20190923$fTESTPROGRAM$fTESTPROGRAM Gold$iissue level
=561  \\$aTESTINST1
=852  0\$aTESTINST1$bHDC$ctestprogram-trust$hDT191$i.A6
=866  30$80$a1(1967)-34(1998), 36(2000)-51(2015)

