=LDR  00596nx  a22001811n 4500
=003  TestILS
=004  991023183019703841
=007  ta
=001  221157079450003841
=008  2011180u\\\\0\\\0000ba\\\0\\\\\\
=005  20210520081217.77
=022  \\$a1757-9384
=035  \\$a(OCoLC)233263795
=245  00$aWord matters :$bthe journal of the Society of Teachers of Speech & Drama.
=583  \\$acommitted to retain$c20201118$dDecember 31, 2035$fTESTPROGRAM$fTESTPROGRAM Silver$uhttp://localhost/services/testprogram/docs/TESTPROGRAMProgramStatement.pdf
=583  \\$acompleteness reviewed$c20201118$fTESTPROGRAM$fTESTPROGRAM Silver$ivolume level
=561  \\$aTESTINST1
=852  0\$aTESTINST1$bHDC$ctestprogram-trust$hPN4071$i.S73
=866  30$80$a58(2008)-65(2015)

