=LDR  00589    a2200193 n 4500
=001  22925282820003841
=003  TestILS
=004  991014186229703841
=005  20210520081217.93
=007  ta
=008  1605090u\\\\0\\\0001ba\\\0\\\\\\\\\\\\\\
=014  1\$a2461432$bOCoLC
=022  \\$a0037-9670
=035  \\$a(OCoLC)2461432
=035  \\$a(TestILS)c13832621-01asu_inst
=245  00$aSociety and leisure /$cEuropean Centre for Leisure and Education.
=561  \\$aTESTINST1
=583  \\$acommitted to retain$c20160509$dDecember 31, 2035$fTESTPROGRAM$fTESTPROGRAM Bronze$uhttp://localhost/services/testprogram/docs/TESTPROGRAMProgramStatement.pdf
=852  0\$aTESTINST1$bHDC$ctestprogram-trust$hGV1$i.S6x
=866  30$80$a(1969)-(1977)

