=LDR  00852ny  a22002533n 4500
=001  22921090870003841
=003  TestILS
=004  991018923559703841
=005  20210520081217.72
=007  ta
=008  1305310u\\\\0\\\0001ba\\\0\\\\\\\\\\\\\\
=014  1\$a13118972$bOCoLC
=022  0\$a0003-150X
=030  \\$aJAWWA5
=035  \\$a(OCoLC)13118972
=035  \\$a(TestILS)c13181828-01asu_inst
=245  10$aJournal /$cAmerican Water Works Association.
=561  \\$aTESTINST1
=561  \\$aORZ
=561  \\$aUUM
=583  \\$acommitted to retain$c20130531$dDecember 31, 2035$fTESTPROGRAM$fTESTPROGRAM Silver$uhttp://localhost/services/testprogram/docs/TESTPROGRAMProgramStatement.pdf
=583  \\$acompleteness reviewed$c20130531$fTESTPROGRAM$fTESTPROGRAM Silver$ivolume-level$lmissing volumes$zmissing vol.39 issues for Nov-Dec; vol.82 issue for Dec
=852  0\$aTESTINST1$bHDC$ctestprogram-trust$hTD201$i.A512
=866  30$80$a40(1948)-97(2005)
=868  30$80$a58(1966)-67(1975)

