=LDR  00808    a2200217 n 4500
=001  22827563030003841
=003  TestILS
=004  991040076009703841
=005  20210520081217.54
=007  ta
=008  1605090u\\\\0\\\0001ba\\\0\\\\\\\\\\\\\\
=014  1\$a15666516$bOCoLC
=022  \\$a0939-5075
=035  \\$a(OCoLC)15666516
=035  \\$a(TestILS)c13794048-01asu_inst
=245  10$aZeitschrift für Naturforschung.$nC,$pA journal of biosciences.
=561  \\$aTESTINST1
=583  \\$acommitted to retain$c20160509$dDecember 31, 2035$fTESTPROGRAM$fTESTPROGRAM Gold$uhttp://localhost/services/testprogram/docs/TESTPROGRAMProgramStatement.pdf
=583  \\$acompleteness reviewed$c20160509$fTESTPROGRAM$fTESTPROGRAM Gold$iissue-level$lmissing issues$zmissing v.47:1-3
=583  \\$acondition reviewed$c20160509$fTESTPROGRAM$fTESTPROGRAM Gold$iissue-level$lmissing pages$zv.38 missing pgs 687-88
=852  0\$aTESTINST1$bHDC$ctestprogram-trust
=866  30$80$a41(1986)-60(2005)

