=LDR  00690ny  a22002173n 4500
=001  22915770590003841
=003  TestILS
=004  991030558309703841
=005  20210520081217.47
=007  ta
=008  1705010u\\\\0\\\0001ba\\\0\\\\\\\\\\\\\\
=014  1\$a8894009$bOCoLC
=022  \\$a0024-5305
=035  \\$a(OCoLC)8894009
=035  \\$a(TestILS)c14123708-01asu_inst
=245  00$aWilderness.
=561  \\$aTESTINST1
=561  \\$aNTD
=583  \\$acommitted to retain$c20170501$dDecember 31, 2035$fTESTPROGRAM$fTESTPROGRAM Silver$uhttp://localhost/services/testprogram/docs/TESTPROGRAMProgramStatement.pdf
=583  \\$acompleteness reviewed$c20170501$fTESTPROGRAM$fTESTPROGRAM Silver$ivolume-level
=852  0\$aTESTINST1$bHDC$ctestprogram-trust
=866  30$80$a46, no.158(1982)-59(1995)

