=LDR  00654ny  a22002053n 4500
=001  22967503050003841
=003  TestILS
=004  991021460599703841
=005  20210520081217.36
=007  ta
=008  1404160u\\\\0\\\0001ba\\\0\\\\\\\\\\\\\\
=014  1\$a60777081$bOCoLC
=022  0\$a1556-6706
=035  \\$a(OCoLC)60777081
=035  \\$a(TestILS)c13396195-01asu_inst
=245  00$aScientia magna :$ban international journal.
=561  \\$aTESTINST1
=583  \\$acommitted to retain$c20140416$dDecember 31, 2035$fTESTPROGRAM$fTESTPROGRAM Silver$uhttp://localhost/services/testprogram/docs/TESTPROGRAMProgramStatement.pdf
=583  \\$acompleteness reviewed$c20140416$fTESTPROGRAM$fTESTPROGRAM Silver$ivolume-level
=852  0\$aTESTINST1$bHDC$ctestprogram-trust
=866  30$80$a1(2005)

