=LDR  00651ny  a22001933n 4500
=001  22931229960003841
=003  TestILS
=004  991021069839703841
=005  20210520081217.36
=007  ta
=008  1305290u\\\\0\\\0001ba\\\0\\\\\\\\\\\\\\
=014  1\$a4254954$bOCoLC
=035  \\$a(OCoLC)4254954
=035  \\$a(TestILS)c13181300-01asu_inst
=245  10$aBulletin of NAMT.
=561  \\$aTESTINST1
=583  \\$acommitted to retain$c20130529$dDecember 31, 2035$fTESTPROGRAM$fTESTPROGRAM Silver$uhttp://localhost/services/testprogram/docs/TESTPROGRAMProgramStatement.pdf
=583  \\$acompleteness reviewed$c20130529$fTESTPROGRAM$fTESTPROGRAM Silver$ivolume-level
=852  0\$aTESTINST1$bHDC$ctestprogram-trust$hML3920$i.N25x
=866  30$80$a10(1961)-12(1963)

