=LDR  00866    a2200217 n 4500
=001  22916018370003841
=003  TestILS
=004  991011660929703841
=005  20210520081217.61
=007  ta
=008  1404160u\\\\0\\\0001ba\\\0\\\\\\\\\\\\\\
=014  1\$a1716634$bOCoLC
=022  \\$a0033-2798
=035  \\$a(OCoLC)1716634
=035  \\$a(TestILS)c13401907-01asu_inst
=245  00$aPsychic.
=561  \\$aTESTINST1
=583  \\$acommitted to retain$c20140416$dDecember 31, 2035$fTESTPROGRAM$fTESTPROGRAM Gold$uhttp://localhost/services/testprogram/docs/TESTPROGRAMProgramStatement.pdf
=583  \\$acompleteness reviewed$c20140416$fTESTPROGRAM$fTESTPROGRAM Gold$iissue-level$lmissing issues$zmissing vol. 2 issues 4-6$lmissing pages$zvol. 4 issue 3 missing pages$lMissing ads/images$zmissing ads vol. 7 issue 6
=583  \\$acondition reviewed$c20140416$fTESTPROGRAM$fTESTPROGRAM Gold$iissue-level
=852  0\$aTESTINST1$bHDC$ctestprogram-trust
=866  30$80$a1(1969)-7(1977)

