=LDR  00732nx  a22001931n 4500
=003  TestILS
=004  991014200729703841
=007  ta
=001  221033699520003841
=008  1708250u\\\\0\\\0000ba\\\0\\\\\\
=005  20210520081218.15
=022  \\$a0198-750X
=035  \\$a(OCoLC)2574176
=245  00$aWings.
=583  \\$acommitted to retain$c20170821$dDecember 31, 2035$fTESTPROGRAM$fTESTPROGRAM Gold$uhttp://localhost/services/testprogram/docs/TESTPROGRAMProgramStatement.pdf
=583  \\$acompleteness reviewed$c20170821$fTESTPROGRAM$fTESTPROGRAM Gold$iissue-level$lmissing issues$zmissing v.1-13, v.14:3, v.19-23
=583  \\$acondition reviewed$c20170821$fTESTPROGRAM$fTESTPROGRAM Gold$iissue-level
=561  \\$aTESTINST1
=852  0\$aTESTINST1$bHDC$ctestprogram-trust$hQL541$i.W57x
=866  30$80$a14(1989)-18(1995), 24(2001)-28(2008)

