=LDR  00776    a2200217 n 4500
=001  22848200980003841
=003  TestILS
=004  991044218889703841
=005  20210520081217.51
=007  ta
=008  1705080u\\\\0\\\0001ba\\\0\\\\\\\\\\\\\\
=014  1\$a41670394$bOCoLC
=022  \\$a0192-7019
=035  \\$a(OCoLC)41670394
=035  \\$a(TestILS)c14125122-01asu_inst
=245  00$aMergent dividend record.
=561  \\$aTESTINST1
=583  \\$acommitted to retain$c20170508$dDecember 31, 2035$fTESTPROGRAM$fTESTPROGRAM Gold$uhttp://localhost/services/testprogram/docs/TESTPROGRAMProgramStatement.pdf
=583  \\$acompleteness reviewed$c20170508$fTESTPROGRAM$fTESTPROGRAM Gold$iissue-level$lmissing volumes$zmissing 2002
=583  \\$acondition reviewed$c20170508$fTESTPROGRAM$fTESTPROGRAM Gold$iissue-level
=852  0\$aTESTINST1$bHDC$ctestprogram-trust
=866  30$80$a(1999)-(2001), (2003)-(2005)

