=LDR  00700nx  a22001931n 4500
=003  TestILS
=004  991002150569703841
=007  ta
=001  221134808720003841
=008  1912315u\\\\0\\\0000ba\\\0\\\\\\
=005  20210520081217.78
=022  \\$a1050-0049
=035  \\$a(OCoLC)21363417
=245  04$aThe IALL journal of language learning technologies.
=583  \\$acommitted to retain$c20191231$dDecember 31, 2035$fTESTPROGRAM$fTESTPROGRAM Gold$uhttp://localhost/services/testprogram/docs/TESTPROGRAMProgramStatement.pdf
=583  \\$acompleteness reviewed$c20191231$fTESTPROGRAM$fTESTPROGRAM Gold$iissue level$lmissing issues$zmissing v.26:3(1993)
=583  \\$acondition reviewed$c20191231$fTESTPROGRAM$fTESTPROGRAM Gold$iissue level
=561  \\$aTESTINST1
=852  0\$aTESTINST1$bHDC$ctestprogram-trust$hP51$i.N3x
=866  30$80$a23(1990)-33(2001)

