=LDR  00784    a2200229 n 4500
=001  22920415840003841
=003  TestILS
=004  991011669319703841
=005  20210520081218.11
=007  ta
=008  1505270u\\\\0\\\0001ba\\\0\\\\\\\\\\\\\\
=014  1\$a1751929$bOCoLC
=022  \\$a0073-151X
=035  \\$a(OCoLC)1751929
=035  \\$a(TestILS)c13605999-01asu_inst
=245  00$aHeat bibliography /$cDepartment of Scientific and Industrial Research, National Engineering Laboratory.
=561  \\$aTESTINST1
=561  \\$aCUV
=583  \\$acommitted to retain$c20150527$dDecember 31, 2035$fTESTPROGRAM$fTESTPROGRAM Gold$uhttp://localhost/services/testprogram/docs/TESTPROGRAMProgramStatement.pdf
=583  \\$acompleteness reviewed$c20150527$fTESTPROGRAM$fTESTPROGRAM Gold$iissue-level$lmissing volumes$zmissing 1948-1957
=583  \\$acondition reviewed$c20150527$fTESTPROGRAM$fTESTPROGRAM Gold$iissue-level
=852  0\$aTESTINST1$bHDC$ctestprogram-trust
=866  30$80$a(1958)-(1975)

