=LDR  00726nx  a22001931n 4500
=003  TestILS
=004  991020838579703841
=007  ta
=001  221153823830003841
=008  2104125u\\\\0\\\0000ba\\\0\\\\\\
=005  20210520081217.84
=022  \\$a0004-6582
=035  \\$a(OCoLC)4544301
=245  00$aAthene.
=583  \\$acommitted to retain$c20210412$d20351231$fTESTPROGRAM$fTESTPROGRAM Gold$uhttp://localhost/services/testprogram/docs/TESTPROGRAMProgramStatement.pdf
=583  \\$acompleteness reviewed$c20210412$fTESTPROGRAM$fTESTPROGRAM Gold$iissue level$lmissing issues$zmissing v.1(1939)-16(1974), no.62(1974), no.69(1980)
=583  \\$acondition reviewed$c20210412$fTESTPROGRAM$fTESTPROGRAM Gold$iissue level
=561  \\$aTESTINST1
=852  0\$aTESTINST1$bHDC$ctestprogram-trust$hN81$i.A94
=866  30$80$ano. 63(1975)-69(1979)

