=LDR  01047nx  a22002051n 4500
=003  TestILS
=004  991022911559703841
=007  ta
=001  221042891750003841
=008  1709140u\\\\0\\\0001ba\\\0\\\\\\
=005  20210520081217.76
=022  \\$a0739-0378
=035  \\$a(OCoLC)5965998
=245  00$aCinemaTexas program notes.
=583  \\$acommitted to retain$c20170914$dDecember 31, 2035$fTESTPROGRAM$fTESTPROGRAM Gold$uhttp://localhost/services/testprogram/docs/TESTPROGRAMProgramStatement.pdf
=583  \\$acompleteness reviewed$c20170914$fTESTPROGRAM$fTESTPROGRAM Gold$iissue-level$lmissing volumes$zmissing v.2$lmissiing issues$lmissing missing v.1:2,5-11,14,16,20,24-25; v.3:10,13,34; v.4:1,6-9,12-14,17-27,29-33,35,37-40-42,44-51,53-54; v.5:2-4,6-7,10-12,14-16,18,20,24-26,28-38,40,42,44-51,53-54,56+; v.6:1-2,5-6,11,13-28,30+; v.7:1-21;24-27,29-32,34-47,49, 51+; v.8:11-14; 16+
=583  \\$acondition reviewed$c20170914$fTESTPROGRAM$fTESTPROGRAM Gold$iissue-level$lmissing pages$zv.9-14 missing pages
=561  \\$aTESTINST1
=852  0\$aTESTINST1$bHDC$ctestprogram-trust$hPN1993 .C5345x
=866  30$80$a1(1972), 3(1972)-28(1985)
=868  30$80$a1(1972)-27(1985)

