=LDR  00875    a2200229 n 4500
=001  22933727580003841
=003  TestILS
=004  991011520949703841
=005  20210520081217.46
=007  ta
=008  1401170u\\\\0\\\0001ba\\\0\\\\\\\\\\\\\\
=014  1\$a1554114$bOCoLC
=022  \\$a0069-3340
=035  \\$a(OCoLC)1554114
=035  \\$a(TestILS)c13381593-01asu_inst
=245  10$aResearch paper /$cUniversity of Chicago, Department of Geography.
=561  \\$aTESTINST1
=561  \\$aORE
=583  \\$acommitted to retain$c20140117$dDecember 31, 2035$fTESTPROGRAM$fTESTPROGRAM Gold$uhttp://localhost/services/testprogram/docs/TESTPROGRAMProgramStatement.pdf
=583  \\$acompleteness reviewed$c20140117$fTESTPROGRAM$fTESTPROGRAM Gold$iissue-level$lmissing issues$zmissing no.1-3, 25, 68, 178
=583  \\$acondition reviewed$c20140117$fTESTPROGRAM$fTESTPROGRAM Gold$iissue-level$lmarginalia$zno.41, 201 marginalia
=852  0\$aTESTINST1$bHDC$ctestprogram-trust
=866  30$80$ano.4(1949)-67(1960), 69(1960)-177(1975), 179(1976)-224(1987)

