=LDR  00709nx  a22001811n 4500
=003  TestILS
=004  991048314589203841
=007  ta
=001  221096834890003841
=008  1811280u\\\\0\\\0000ba\\\0\\\\\\
=005  20210520081217.40
=035  \\$a(OCoLC)9127992
=245  04$aThe Chemical news and journal of physical science.
=583  \\$acommitted to retain$c20181128$dDecember 31, 2035$fTESTPROGRAM$fTESTPROGRAM Silver$uhttp://localhost/services/testprogram/docs/TESTPROGRAMProgramStatement.pdf
=583  \\$acompleteness reviewed$c20181128$fTESTPROGRAM$fTESTPROGRAM Silver$ivolume level$lmissing volumes$zmissing volumes 20, 22, 51, 61
=561  \\$aTESTINST1
=561  \\$aNTD
=852  0\$aTESTINST1$bHDC$ctestprogram-trust$hQD1$i.C5
=866  30$80$a1(1861), 3(1861)-19(1969), 21(1870), 23(1871)-50(1884), 52(1885)-60(1889), 62(1890)-121(1920)

