=LDR  00661nx  a22001931n 4500
=003  TestILS
=004  991040085889703841
=007  ta
=001  221122167450003841
=008  1908165u\\\\0\\\0000ba\\\0\\\\\\
=005  20210520081217.55
=022  \\$a1042-5349
=035  \\$a(OCoLC)17915199
=245  00$aTop numbers.
=583  \\$acommitted to retain$c20190823$dDecember 31, 2035$fTESTPROGRAM$fTESTPROGRAM Gold$uhttp://localhost/services/testprogram/docs/TESTPROGRAMProgramStatement.pdf
=583  \\$acompleteness reviewed$c20190823$fTESTPROGRAM$fTESTPROGRAM Gold$iissue level
=583  \\$acondition reviewed$c20190823$fTESTPROGRAM$fTESTPROGRAM Gold$iissue level
=561  \\$aTESTINST1
=852  0\$aTESTINST1$bHDC$ctestprogram-trust$hHG2401$i.T66
=866  30$80$a(1988)-(1991)

