=LDR  00692ny  a22001933n 4500
=001  22832798060003841
=003  TestILS
=004  991032339049703841
=005  20210520081218.04
=007  ta
=008  1705080u\\\\0\\\0001ba\\\0\\\\\\\\\\\\\\
=014  1\$a10582808$bOCoLC
=035  \\$a(OCoLC)10582808
=035  \\$a(TestILS)c14148547-01asu_inst
=245  14$aThe reserve officer.
=561  \\$aTESTINST1
=583  \\$acommitted to retain$c20170508$dDecember 31, 2035$fTESTPROGRAM$fTESTPROGRAM Silver$uhttp://localhost/services/testprogram/docs/TESTPROGRAMProgramStatement.pdf
=583  \\$acompleteness reviewed$c20170508$fTESTPROGRAM$fTESTPROGRAM Silver$ivolume-level$lmissing volumes$zmissing v.21-25; v.26:1-10,12
=852  0\$aTESTINST1$bHDC$ctestprogram-trust
=866  30$80$a26(1949)-32, no.7(1956)

