=LDR  00763    a2200217 n 4500
=001  22825863870003841
=003  TestILS
=004  991011814889703841
=005  20210520081217.74
=007  ta
=008  1605010u\\\\0\\\0001ba\\\0\\\\\\\\\\\\\\
=014  1\$a1791362$bOCoLC
=022  \\$a0092-9425
=035  \\$a(OCoLC)1791362
=035  \\$a(TestILS)c13792283-01asu_inst
=245  00$aSchist.
=561  \\$aTESTINST1
=583  \\$acommitted to retain$c20160501$dDecember 31, 2035$fTESTPROGRAM$fTESTPROGRAM Gold$uhttp://localhost/services/testprogram/docs/TESTPROGRAMProgramStatement.pdf
=583  \\$acompleteness reviewed$c20160501$fTESTPROGRAM$fTESTPROGRAM Gold$iissue-level$lmissing issues$zmissing no.1
=583  \\$acondition reviewed$c20160501$fTESTPROGRAM$fTESTPROGRAM Gold$iissue-level
=852  0\$aTESTINST1$bHDC$ctestprogram-trust
=866  30$80$ano.2(1974)-5(1978)

