=LDR  00613ny  a22002053n 4500
=001  22824589370003841
=003  TestILS
=004  991011571249703841
=005  20210520081218.06
=007  ta
=008  1205030u\\\\0\\\0001ba\\\0\\\\\\\\\\\\\\
=014  1\$a1587614$bOCoLC
=022  0\$a0075-9422
=035  \\$a(OCoLC)1587614
=035  \\$a(TestILS)c12690405-01asu_inst
=245  10$aLife sciences and space research.
=561  \\$aTESTINST1
=561  \\$aCPS
=583  \\$acommitted to retain$c20120503$dDecember 31, 2035$fTESTPROGRAM$fTESTPROGRAM Bronze$uhttp://localhost/services/testprogram/docs/TESTPROGRAMProgramStatement.pdf
=852  0\$aTESTINST1$bHDC$ctestprogram-trust$hRC1075$i.L5
=866  30$80$a1(1962)-25(1994)

