=LDR  00719nx  a22001931n 4500
=003  TestILS
=004  991011433739703841
=007  ta
=001  221171326860003841
=008  2105160u\\\\0\\\0000ba\\\0\\\\\\
=005  20210520081217.70
=022  \\$a0361-9796
=035  \\$a(OCoLC)1325795
=245  00$aFlorida almanac.
=583  \\$acommitted to retain$c20210514$d20351231$fTESTPROGRAM$fTESTPROGRAM Gold$uhttp://localhost/services/testprogram/docs/TESTPROGRAMProgramStatement.pdf
=583  \\$acompleteness reviewed$c20210514$fTESTPROGRAM$fTESTPROGRAM Gold$iissue level$lmissing issues$zmissing (1972)-(1975), (1977)-(1979), (1981)-(2012)
=583  \\$acondition reviewed$c20210514$fTESTPROGRAM$fTESTPROGRAM Gold$iissue level
=561  \\$aTESTINST1
=852  0\$aTESTINST1$bHDC$ctestprogram-trust$hF311$i.F65
=866  30$80$a(1976), (1980)

