=LDR  00782ny  a22002293n 4500
=001  22924133420003841
=003  TestILS
=004  991028917449703841
=005  20210520081218.20
=007  ta
=008  1306030u\\\\0\\\0001ba\\\0\\\\\\\\\\\\\\
=014  1\$a8512351$bOCoLC
=022  \\$a0372-0578$l0372-0578
=035  \\$a(OCoLC)8512351
=035  \\$a(TestILS)c13182742-01asu_inst
=245  00$aTransactions and proceedings of the Botanical Society.
=561  \\$aTESTINST1
=561  \\$aWAU
=561  \\$aKKS
=583  \\$acommitted to retain$c20130603$dDecember 31, 2035$fTESTPROGRAM$fTESTPROGRAM Silver$uhttp://localhost/services/testprogram/docs/TESTPROGRAMProgramStatement.pdf
=583  \\$acompleteness reviewed$c20130603$fTESTPROGRAM$fTESTPROGRAM Silver$ivolume-level$lmissing volumes$zmissing vol. 28 issue 3; 29 issues 1-2
=852  0\$aTESTINST1$bHDC$ctestprogram-trust$hQK1$i.B337
=866  30$80$a12(1873)-40(1968)

