=LDR  00693nx  a22001931n 4500
=003  TestILS
=004  991044100209703841
=007  ta
=001  221147858490003841
=008  2006305u\\\\0\\\0000ba\\\0\\\\\\
=005  20210520081217.51
=022  \\$a0187-4853
=035  \\$a(OCoLC)23436890
=245  00$aFinanzas públicas estatales y municipales de México.
=583  \\$acommitted to retain$c20200630$dDecember 31, 2035$fTESTPROGRAM$fTESTPROGRAM Gold$uhttp://localhost/services/testprogram/docs/TESTPROGRAMProgramStatement.pdf
=583  \\$acompleteness reviewed$c20200630$fTESTPROGRAM$fTESTPROGRAM Gold$iissues missing$zmissing (1987)
=583  \\$acondition reviewed$c20200630$fTESTPROGRAM$fTESTPROGRAM Gold$iissue level
=561  \\$aTESTINST1
=852  0\$aTESTINST1$bHDC$ctestprogram-trust$hHJ15$i.A13
=866  30$80$a(1975)-(1986), (1988)-(2002)

