=LDR  00737    a2200217 n 4500
=001  22896122440003841
=003  TestILS
=004  991022870599703841
=005  20210520081218.14
=007  ta
=008  1404160u\\\\0\\\0001ba\\\0\\\\\\\\\\\\\\
=014  1\$a5394943$bOCoLC
=022  0\$a0199-2511
=035  \\$a(OCoLC)5394943
=035  \\$a(TestILS)c13402419-01asu_inst
=245  00$aWord processing systems.
=561  \\$aTESTINST1
=583  \\$acommitted to retain$c20140416$dDecember 31, 2035$fTESTPROGRAM$fTESTPROGRAM Gold$uhttp://localhost/services/testprogram/docs/TESTPROGRAMProgramStatement.pdf
=583  \\$acompleteness reviewed$c20140416$fTESTPROGRAM$fTESTPROGRAM Gold$iissue-level
=583  \\$acondition reviewed$c20140416$fTESTPROGRAM$fTESTPROGRAM Gold$iissue-level
=852  0\$aTESTINST1$bHDC$ctestprogram-trust
=866  30$80$a6, no. 9(1979)-7(1980)

