=LDR  00533ny  a22001693n 4500
=003  TestILS
=004  991011940319703841
=005  20210520081217.62
=001  221098638000003841
=007  ta
=008  1901110u\\\\0\\\0001aa\\\0\\\\\\\\\\\\\8
=022  \\$a0362-5818
=035  \\$a(OCoLC)2278722
=245  00$aEEO today.
=561  \\$aTESTINST1
=583  \\$acommitted to retain$c20190111$dDecember 31, 2035$fTESTPROGRAM$fTESTPROGRAM Bronze$uhttp://localhost/services/testprogram/docs/TESTPROGRAMProgramStatement.pdf
=852  0\$aTESTINST1$bHDC$ctestprogram-trust$hKF3464 .A15$iE2x
=866  30$80$a3(1976/1977)-9(1982/1983)

