=LDR  00760    a2200217 n 4500
=001  22961603740003841
=003  TestILS
=004  991011720429703841
=005  20210520081217.88
=007  ta
=008  1605010u\\\\0\\\0001ba\\\0\\\\\\\\\\\\\\
=014  1\$a1762971$bOCoLC
=022  0\$a0555-4241
=035  \\$a(OCoLC)1762971
=035  \\$a(TestILS)c13792593-01asu_inst
=245  00$aProgress in psychotherapy.
=561  \\$aTESTINST1
=583  \\$acommitted to retain$c20160501$dDecember 31, 2035$fTESTPROGRAM$fTESTPROGRAM Gold$uhttp://localhost/services/testprogram/docs/TESTPROGRAMProgramStatement.pdf
=583  \\$acompleteness reviewed$c20160501$fTESTPROGRAM$fTESTPROGRAM Gold$iissue-level
=583  \\$acondition reviewed$c20160501$fTESTPROGRAM$fTESTPROGRAM Gold$iissue-level$lmarginalia$zv.1-3 marginalia
=852  0\$aTESTINST1$bHDC$ctestprogram-trust
=866  30$80$a1(1956)-5(1960)

