=LDR  00653nx  a22001931n 4500
=003  TestILS
=004  991030590819703841
=007  ta
=001  221159418220003841
=008  2103030u\\\\0\\\0000ba\\\0\\\\\\
=005  20210520081217.57
=022  \\$a0738-422X
=035  \\$a(OCoLC)9483824
=245  00$aRecent developments in alcoholism :$ban official publication of the American Medical Society on Alcoholism, and the Research Society on Alcoholism, and the National Council on Alcoholism.
=583  \\$acommitted to retain$c20210303$d20351231$fTESTPROGRAM$fTESTPROGRAM Gold$uhttp://localhost/services/testprogram/docs/TESTPROGRAMProgramStatement.pdf
=583  \\$acompleteness reviewed$c20210303$fTESTPROGRAM$fTESTPROGRAM Gold$iissue level
=583  \\$acondition reviewed$c20210303$fTESTPROGRAM$fTESTPROGRAM Gold$iissue level
=561  \\$aTESTINST1
=852  0\$aTESTINST1$bHDC$ctestprogram-trust$hHV5001$i.R4
=866  30$80$a1(1983)-18(2008)

