=LDR  00620nx  a22001811n 4500
=003  TestILS
=004  991007067849703841
=007  ta
=001  221165006550003841
=008  2104260u\\\\0\\\0000ba\\\0\\\\\\
=005  20210520081218.17
=035  \\$a(OCoLC)57643616
=245  00$aTelecoms, media & technology finance review :$bTMT.
=583  \\$acommitted to retain$c20210426$d20351231$fTESTPROGRAM$fTESTPROGRAM Gold$uhttp://localhost/services/testprogram/docs/TESTPROGRAMProgramStatement.pdf
=583  \\$acompleteness reviewed$c20210426$fTESTPROGRAM$fTESTPROGRAM Gold$iissue level
=583  \\$acondition reviewed$c20210426$fTESTPROGRAM$fTESTPROGRAM Gold$iissue level
=561  \\$aTESTINST1
=852  0\$aTESTINST1$bHDC$ctestprogram-trust$hHE7601$i.I55x
=866  30$80$a(2004)

