=LDR  00803    a2200229 n 4500
=001  22893543340003841
=003  TestILS
=004  991027196609703841
=005  20210520081217.81
=007  ta
=008  1501050u\\\\0\\\0001ba\\\0\\\\\\\\\\\\\\
=014  1\$a7936161$bOCoLC
=022  0\$a0278-8314
=035  \\$a(OCoLC)7936161
=035  \\$a(TestILS)c1356464x-01asu_inst
=245  00$aAmerican photography showcase.
=561  \\$aNTD
=561  \\$aIYU
=583  \\$acommitted to retain$c20150105$dDecember 31, 2035$fTESTPROGRAM$fTESTPROGRAM Gold$uhttp://localhost/services/testprogram/docs/TESTPROGRAMProgramStatement.pdf
=583  \\$acompleteness reviewed$c20150105$fTESTPROGRAM$fTESTPROGRAM Gold$iissue-level
=583  \\$acondition reviewed$c20150105$fTESTPROGRAM$fTESTPROGRAM Gold$iissue-level$lmissing images$zmissing images v.7,9
=852  0\$aTESTINST1$bHDC$ctestprogram-trust$hTR690.4$i.A4
=866  30$80$a7(1984)-12(1989)

