=LDR  00581    a2200193 n 4500
=001  22835941280003841
=003  TestILS
=004  991035493579703841
=005  20210520081218.02
=007  ta
=008  1306140u\\\\0\\\0001ba\\\0\\\\\\\\\\\\\\
=014  1\$a12266742$bOCoLC
=022  \\$a0266-3821
=035  \\$a(OCoLC)12266742
=035  \\$a(TestILS)c13185950-01asu_inst
=245  00$aBusiness information review.
=561  \\$aTESTINST1
=583  \\$acommitted to retain$c20130614$dDecember 31, 2035$fTESTPROGRAM$fTESTPROGRAM Bronze$uhttp://localhost/services/testprogram/docs/TESTPROGRAMProgramStatement.pdf
=852  0\$aTESTINST1$bHDC$ctestprogram-trust
=866  30$80$a1(1984)-8(1991)

