=LDR  00769ny  a22002293n 4500
=001  22825925850003841
=003  TestILS
=004  991011808349703841
=005  20210520081217.98
=007  ta
=008  1206280u\\\\0\\\0001ba\\\0\\\\\\\\\\\\\\
=014  1\$a1787802$bOCoLC
=022  \\$a0091-7710
=035  \\$a(OCoLC)1787802
=035  \\$a(TestILS)c12807667-01asu_inst
=245  00$aJournal of anthropological research.
=561  \\$aTESTINST1
=561  \\$aSTA
=583  \\$acommitted to retain$c20120628$dDecember 31, 2035$fTESTPROGRAM$fTESTPROGRAM Silver$uhttp://localhost/services/testprogram/docs/TESTPROGRAMProgramStatement.pdf
=583  \\$acompleteness reviewed$c20120628$fTESTPROGRAM$fTESTPROGRAM Silver$ivolume-level$lmissing volumes$zmissing v.29 issue 1
=852  0\$aTESTINST1$bHDC$ctestprogram-trust$hGN1$i.S64
=866  30$80$a29(1973)-61(2005)
=868  30$80$a29(1973)-46(1990)

