=LDR  00697    a2200205 n 4500
=001  22841525160003841
=003  TestILS
=004  991028792489703841
=005  20210520081217.81
=007  ta
=008  1506090u\\\\0\\\0001ba\\\0\\\\\\\\\\\\\\
=014  1\$a7955043$bOCoLC
=035  \\$a(OCoLC)7955043
=035  \\$a(TestILS)c13607637-01asu_inst
=245  00$aMilwaukee lecture series.
=561  \\$aTESTINST1
=583  \\$acommitted to retain$c20150609$dDecember 31, 2035$fTESTPROGRAM$fTESTPROGRAM Gold$uhttp://localhost/services/testprogram/docs/TESTPROGRAMProgramStatement.pdf
=583  \\$acompleteness reviewed$c20150609$fTESTPROGRAM$fTESTPROGRAM Gold$iissue-level
=583  \\$acondition reviewed$c20150609$fTESTPROGRAM$fTESTPROGRAM Gold$iissue-level
=852  0\$aTESTINST1$bHDC$ctestprogram-trust
=866  30$80$a33(1985)

