=LDR  00860nx  a22001931n 4500
=003  TestILS
=004  991014168689703841
=007  ta
=001  221153823000003841
=008  2105065u\\\\0\\\0000ba\\\0\\\\\\
=005  20210520081217.92
=022  \\$a0002-2349
=035  \\$a(OCoLC)2398284
=245  00$aAir Force and space digest.
=583  \\$acommitted to retain$c20210506$d20351231$fTESTPROGRAM$fTESTPROGRAM Gold$uhttp://localhost/services/testprogram/docs/TESTPROGRAMProgramStatement.pdf
=583  \\$acompleteness reviewed$c20210506$fTESTPROGRAM$fTESTPROGRAM Gold$iissue level$lbinding patterns vary$zbound with preceding and succeeding titles$lmissing pages$zv.52:3(1969 Mar) missing pages$lmissing issues$zmissing v.49:7-12(1966 Jul-Dec), v.50(1967)
=583  \\$acondition reviewed$c20210506$fTESTPROGRAM$fTESTPROGRAM Gold$iissue level
=561  \\$aTESTINST1
=852  0\$aTESTINST1$bHDC$ctestprogram-trust$hUG633$i.A65
=866  30$80$a42, no.6(1959)-49(1966), 51(1968)-54, no.1(1971)

