=LDR  00773nx  a22001931n 4500
=003  TestILS
=004  991028936529703841
=007  ta
=001  221132358250003841
=008  1912315u\\\\0\\\0000ba\\\0\\\\\\
=005  20210520081217.46
=022  \\$a0226-7144
=035  \\$a(OCoLC)8809928
=245  00$aLangues et linguistique.
=583  \\$acommitted to retain$c20191231$dDecember 31, 2035$fTESTPROGRAM$fTESTPROGRAM Gold$uhttp://localhost/services/testprogram/docs/TESTPROGRAMProgramStatement.pdf
=583  \\$acompleteness reviewed$c20191231$fTESTPROGRAM$fTESTPROGRAM Gold$iissue level$lmissing issues$zmissing no.1(1975)-10(1984), 32(2006)-35(2015)$lmissing pages$zmissing pages no.21(1995)
=583  \\$acondition reviewed$c20191231$fTESTPROGRAM$fTESTPROGRAM Gold$iissue level
=561  \\$aTESTINST1
=852  0\$aTESTINST1$bHDC$ctestprogram-trust$hP1.A1$iL355
=866  30$80$ano. 11(1985)-31(2005)

