=LDR  00695ny  a22002053n 4500
=001  22914982950003841
=003  TestILS
=004  991037155479703841
=005  20210520081217.99
=007  ta
=008  1605010u\\\\0\\\0001ba\\\0\\\\\\\\\\\\\\
=014  1\$a14091508$bOCoLC
=022  0\$a0889-8391
=035  \\$a(OCoLC)14091508
=035  \\$a(TestILS)c13791801-01asu_inst
=245  00$aJournal of cognitive psychotherapy.
=561  \\$aTESTINST1
=583  \\$acommitted to retain$c20160501$dDecember 31, 2035$fTESTPROGRAM$fTESTPROGRAM Silver$uhttp://localhost/services/testprogram/docs/TESTPROGRAMProgramStatement.pdf
=583  \\$acompleteness reviewed$c20160501$fTESTPROGRAM$fTESTPROGRAM Silver$ivolume-level$lmissing volumes$zmissing v.1-2
=852  0\$aTESTINST1$bHDC$ctestprogram-trust
=866  30$80$a3(1989)-19(2005)

