=LDR  00656ny  a22002053n 4500
=001  22933863970003841
=003  TestILS
=004  991028919599703841
=005  20210520081218.20
=007  ta
=008  1705010u\\\\0\\\0001ba\\\0\\\\\\\\\\\\\\
=014  1\$a8551265$bOCoLC
=022  0\$a0735-7125
=035  \\$a(OCoLC)8551265
=035  \\$a(TestILS)c14124518-01asu_inst
=245  00$aPiano quarterly newsletter.
=561  \\$aTESTINST1
=583  \\$acommitted to retain$c20170501$dDecember 31, 2035$fTESTPROGRAM$fTESTPROGRAM Silver$uhttp://localhost/services/testprogram/docs/TESTPROGRAMProgramStatement.pdf
=583  \\$acompleteness reviewed$c20170501$fTESTPROGRAM$fTESTPROGRAM Silver$ivolume-level
=852  0\$aTESTINST1$bHDC$ctestprogram-trust
=866  30$80$ano.24(1958)

