=LDR  00552ny  a22001693n 4500
=003  TestILS
=004  991008022889703841
=005  20210520081217.50
=001  221098771840003841
=007  ta
=008  1901110u\\\\0\\\0001aa\\\0\\\\\\\\\\\\\8
=022  \\$a0334-4754
=035  \\$a(OCoLC)2399665
=245  00$6880-01$aʻAle sefer.
=561  \\$aTESTINST1
=583  \\$acommitted to retain$c20190116$dDecember 31, 2035$fTESTPROGRAM$fTESTPROGRAM Bronze$uhttp://localhost/services/testprogram/docs/TESTPROGRAMProgramStatement.pdf
=852  0\$aTESTINST1$bHDC$ctestprogram-trust$hZ228 .H4$iA57
=866  30$80$ano.1(1975)-5(1978), 10(1982), 12(1986)-19(2001)

