=LDR  00660nx  a22001931n 4500
=003  TestILS
=004  991011513029703841
=007  ta
=001  221127864210003841
=008  1908165u\\\\0\\\0000ba\\\0\\\\\\
=005  20210520081217.45
=022  \\$a0068-6379
=035  \\$a(OCoLC)1552454
=245  00$aUniversity of California publications in anthropology.
=583  \\$acommitted to retain$c20190923$dDecember 31, 2035$fTESTPROGRAM$fTESTPROGRAM Gold$uhttp://localhost/services/testprogram/docs/TESTPROGRAMProgramStatement.pdf
=583  \\$acompleteness reviewed$c20190923$fTESTPROGRAM$fTESTPROGRAM Gold$iissue level
=583  \\$acondition reviewed$c20190923$fTESTPROGRAM$fTESTPROGRAM Gold$iissue level
=561  \\$aTESTINST1
=852  0\$aTESTINST1$bHDC$ctestprogram-trust$hGN1$i.C3x
=866  30$80$a1(1964)-21(1996)

