=LDR  00684nx  a22001931n 4500
=003  TestILS
=004  991011928599703841
=007  ta
=001  221046051380003841
=008  1711270u\\\\0\\\0000ba\\\0\\\\\\
=005  20210520081217.90
=022  \\$a0070-0835
=035  \\$a(OCoLC)2259886
=245  00$aCOWA surveys and bibliographies.$nArea 11,$pWest Africa.
=583  \\$acommitted to retain$c20171127$dDecember 31, 2035$fTESTPROGRAM$fTESTPROGRAM Gold$uhttp://localhost/services/testprogram/docs/TESTPROGRAMProgramStatement.pdf
=583  \\$acompleteness reviewed$c20171127$fTESTPROGRAM$fTESTPROGRAM Gold$iissue level$lReprint$zno.1 photocopy
=583  \\$acondition reviewed$c20171127$fTESTPROGRAM$fTESTPROGRAM Gold$iissue level
=561  \\$aTESTINST1
=852  0\$aTESTINST1$bHDC$ctestprogram-trust$hCC1 .C23x
=866  30$80$a1(1958)-4(1969)

