=LDR  00664ny  a22002053n 4500
=001  22917764510003841
=003  TestILS
=004  991046021939703841
=005  20210520081217.73
=007  ta
=008  1310170u\\\\0\\\0001ba\\\0\\\\\\\\\\\\\\
=014  1\$a49534084$bOCoLC
=022  \\$a1701-9680
=035  \\$a(OCoLC)49534084
=035  \\$a(TestILS)c13266135-01asu_inst
=245  00$aJournal of business administration and policy analysis.
=561  \\$aTESTINST1
=583  \\$acommitted to retain$c20131017$dDecember 31, 2035$fTESTPROGRAM$fTESTPROGRAM Silver$uhttp://localhost/services/testprogram/docs/TESTPROGRAMProgramStatement.pdf
=583  \\$acompleteness reviewed$c20131017$fTESTPROGRAM$fTESTPROGRAM Silver$ivolume-level
=852  0\$aTESTINST1$bHDC$ctestprogram-trust
=866  30$80$a24(1996)-31(2003)

