=LDR  00737ny  a22002173n 4500
=001  22962154920003841
=003  TestILS
=004  991025645859703841
=005  20210520081217.68
=007  ta
=008  1305130u\\\\0\\\0001ba\\\0\\\\\\\\\\\\\\
=014  1\$a34094218$bOCoLC
=022  \\$y0968-6290
=035  \\$a(OCoLC)34094218
=035  \\$a(TestILS)c13150960-01asu_inst
=245  00$aEU focus.
=561  \\$aORU
=561  \\$aWAU
=583  \\$acommitted to retain$c20130513$dDecember 31, 2035$fTESTPROGRAM$fTESTPROGRAM Silver$uhttp://localhost/services/testprogram/docs/TESTPROGRAMProgramStatement.pdf
=583  \\$acompleteness reviewed$c20130513$fTESTPROGRAM$fTESTPROGRAM Silver$ivolume-level$lmissing volumes$zmissing vols. (2002)-(2005)
=852  0\$aTESTINST1$bHDC$ctestprogram-trust$hK5$i.C222
=866  30$80$a(1996)-(2001)

