=LDR  00804    a2200217 n 4500
=001  22924005440003841
=003  TestILS
=004  991020873409703841
=005  20210520081217.86
=007  ta
=008  1505010u\\\\0\\\0001ba\\\0\\\\\\\\\\\\\\
=014  1\$a1481826$bOCoLC
=022  \\$a0066-6033
=035  \\$a(OCoLC)1481826
=035  \\$a(TestILS)c13591071-01asu_inst
=245  00$aArchaeologische Mitteilungen aus Iran.
=561  \\$aTESTINST1
=583  \\$acommitted to retain$c20150501$dDecember 31, 2035$fTESTPROGRAM$fTESTPROGRAM Gold$uhttp://localhost/services/testprogram/docs/TESTPROGRAMProgramStatement.pdf
=583  \\$acompleteness reviewed$c20150501$fTESTPROGRAM$fTESTPROGRAM Gold$iissue-level$lReprints$zold series v.1-9 Reprints
=583  \\$acondition reviewed$c20150501$fTESTPROGRAM$fTESTPROGRAM Gold$iissue-level
=852  0\$aTESTINST1$bHDC$ctestprogram-trust$hDS261$i.A722x
=866  30$80$a1(1929)-9(1938); n.s.1(1968)-28(1996)

