=LDR  00573nx  a22001691n 4500
=003  TestILS
=004  991044750599703841
=007  ta
=001  221067304440003841
=008  1805140u\\\\0\\\0000ba\\\0\\\\\\
=005  20210520081217.52
=035  \\$a(OCoLC)37974792
=245  00$aGetting results for the hands-on manager.
=583  \\$acommitted to retain$c20180514$dDecember 31, 2035$fTESTPROGRAM$fTESTPROGRAM Silver$uhttp://localhost/services/testprogram/docs/TESTPROGRAMProgramStatement.pdf
=583  \\$acompleteness reviewed$c20180514$fTESTPROGRAM$fTESTPROGRAM Silver$ivolume level
=561  \\$aTESTINST1
=852  0\$aTESTINST1$bHDC$ctestprogram-trust$hHF5549 .A2 S922x
=866  30$80$a42, no.9-12(1997)

