=LDR  00604nx  a22001811n 4500
=003  TestILS
=004  991009204139703841
=007  ta
=001  221068529130003841
=008  1805220u\\\\0\\\0000ba\\\0\\\\\\
=005  20210520081217.96
=022  \\$a1553-7544
=035  \\$a(OCoLC)56668389
=245  00$aCampus technology.
=583  \\$acommitted to retain$c20180522$dDecember 31, 2035$fTESTPROGRAM$fTESTPROGRAM Silver$uhttp://localhost/services/testprogram/docs/TESTPROGRAMProgramStatement.pdf
=583  \\$acompleteness reviewed$c20180522$fTESTPROGRAM$fTESTPROGRAM Silver$ivolume level
=561  \\$aTESTINST1
=852  0\$aTESTINST1$bHDC$ctestprogram-trust$hLB1028.43$i.S95
=866  30$80$a18, no.8(2005)-19(2006)

