=LDR  00723    a2200217 n 4500
=001  22918649480003841
=003  TestILS
=004  991044263199703841
=005  20210520081217.51
=007  ta
=008  1405080u\\\\0\\\0001ba\\\0\\\\\\\\\\\\\\
=014  1\$a41414704$bOCoLC
=022  0\$a1525-2051
=035  \\$a(OCoLC)41414704
=035  \\$a(TestILS)c13403369-01asu_inst
=245  00$aPeterson's job opportunities.$pBusiness.
=561  \\$aTESTINST1
=583  \\$acommitted to retain$c20140508$dDecember 31, 2035$fTESTPROGRAM$fTESTPROGRAM Gold$uhttp://localhost/services/testprogram/docs/TESTPROGRAMProgramStatement.pdf
=583  \\$acompleteness reviewed$c20140508$fTESTPROGRAM$fTESTPROGRAM Gold$iissue-level
=583  \\$acondition reviewed$c20140508$fTESTPROGRAM$fTESTPROGRAM Gold$iissue-level
=852  0\$aTESTINST1$bHDC$ctestprogram-trust
=866  30$80$a(2000)

