=LDR  00707ny  a22002173n 4500
=001  22913813010003841
=003  TestILS
=004  991011673809703841
=005  20210520081218.12
=007  ta
=008  1206200u\\\\0\\\0001ba\\\0\\\\\\\\\\\\\\
=014  1\$a1752709$bOCoLC
=022  0\$a0073-5655$l0073-5655
=030  \\$aITCSAF
=035  \\$a(OCoLC)1752709
=035  \\$a(TestILS)c12806249-01asu_inst
=245  00$aIn vitro.
=561  \\$aTESTINST1
=583  \\$acommitted to retain$c20120620$dDecember 31, 2035$fTESTPROGRAM$fTESTPROGRAM Silver$uhttp://localhost/services/testprogram/docs/TESTPROGRAMProgramStatement.pdf
=583  \\$acompleteness reviewed$c20120620$fTESTPROGRAM$fTESTPROGRAM Silver$ivolume-level
=852  0\$aTESTINST1$bHDC$ctestprogram-trust$hQH585$i.I5
=866  30$80$a1(1965)-20(1984)

