=LDR  00697nx  a22001931n 4500
=003  TestILS
=004  991016535169703841
=007  ta
=001  221045717500003841
=008  1711150u\\\\0\\\0000ba\\\0\\\\\\
=005  20210520081218.18
=022  \\$a0092-6434
=035  \\$a(OCoLC)3165751
=245  00$aLodging industry.
=583  \\$acommitted to retain$c20171115$dDecember 31, 2035$fTESTPROGRAM$fTESTPROGRAM Gold$uhttp://localhost/services/testprogram/docs/TESTPROGRAMProgramStatement.pdf
=583  \\$acompleteness reviewed$c20171115$fTESTPROGRAM$fTESTPROGRAM Gold$iissue level$lmissing volumes$zmissing v.38-40
=583  \\$acondition reviewed$c20171115$fTESTPROGRAM$fTESTPROGRAM Gold$iissue level
=561  \\$aTESTINST1
=852  0\$aTESTINST1$bHDC$ctestprogram-trust$hTX901 .L63
=866  30$80$a 41(1973)-42(1974)

