=LDR  00630nx  a22001811n 4500
=003  TestILS
=004  991019640309703841
=007  ta
=001  221128982470003841
=008  1908165u\\\\0\\\0000ba\\\0\\\\\\
=005  20210520081217.82
=035  \\$a(OCoLC)3715915
=245  04$aThe Art Directors Club annual of advertising, editorial, and television art and design.
=583  \\$acommitted to retain$c20190923$dDecember 31, 2035$fTESTPROGRAM$fTESTPROGRAM Gold$uhttp://localhost/services/testprogram/docs/TESTPROGRAMProgramStatement.pdf
=583  \\$acompleteness reviewed$c20190923$fTESTPROGRAM$fTESTPROGRAM Gold$iissue level
=583  \\$acondition reviewed$c20190923$fTESTPROGRAM$fTESTPROGRAM Gold$iissue level
=561  \\$aTESTINST1
=852  0\$aTESTINST1$bHDC$ctestprogram-trust$hNC997.A1$iA69
=866  30$80$a56(1977)

