=LDR  00684nx  a22001811n 4500
=003  TestILS
=004  991011482709703841
=007  ta
=001  221058862610003841
=008  1803070u\\\\0\\\0000ba\\\0\\\\\\
=005  20210520081217.68
=022  \\$a0003-6536
=035  \\$a(OCoLC)1481683
=245  00$aApollo.
=583  \\$acommitted to retain$c20180406$dDecember 31, 2035$fTESTPROGRAM$fTESTPROGRAM Silver$uhttp://localhost/services/testprogram/docs/TESTPROGRAMProgramStatement.pdf
=583  \\$acompleteness reviewed$c20180406$fTESTPROGRAM$fTESTPROGRAM Silver$ivolume level$lmissing volumes$zmissing v.43; v.143:408-413; v.144
=561  \\$aTESTINST1
=852  0\$aTESTINST1$bHDC$ctestprogram-trust$hN1$i.A255
=866  30$80$a1(1925)-42(1945), 44(1946)-143(1996), 145(1997)-162(2005)

