=LDR  00780nx  a22001931n 4500
=003  TestILS
=004  991008769779703841
=007  ta
=001  221135121880003841
=008  2001285u\\\\0\\\0000ba\\\0\\\\\\
=005  20210520081217.54
=022  \\$a0021-9339
=035  \\$a(OCoLC)1250602
=245  00$aJournal of black poetry.
=583  \\$acommitted to retain$c20200128$dDecember 31, 2035$fTESTPROGRAM$fTESTPROGRAM Gold$uhttp://localhost/services/testprogram/docs/TESTPROGRAMProgramStatement.pdf
=583  \\$acompleteness reviewed$c20200128$fTESTPROGRAM$fTESTPROGRAM Gold$iissue level$lmissing issues$zmissing v.1, no.1(1966)-no.11(1968), v.1, no.13(1970), v.1, no.15(1971/72)
=583  \\$acondition reviewed$c20200128$fTESTPROGRAM$fTESTPROGRAM Gold$iissue level
=561  \\$aTESTINST1
=852  0\$aTESTINST1$bHDC$ctestprogram-trust$hAP2$i.K62
=866  30$80$ano. 12(1969), 14(1970/71), 16(1972)-17(1973)

