=LDR  00683ny  a22002173n 4500
=001  22836924530003841
=003  TestILS
=004  991040079299703841
=005  20210520081217.55
=007  ta
=008  1404160u\\\\0\\\0001ba\\\0\\\\\\\\\\\\\\
=014  1\$a16115406$bOCoLC
=022  0\$a0894-4857
=035  \\$a(OCoLC)16115406
=035  \\$a(TestILS)c13382792-01asu_inst
=245  04$aThe Merton annual :$bstudies in Thomas Merton, religion, culture, literature & social concerns.
=561  \\$aTESTINST1
=561  \\$aHTM
=583  \\$acommitted to retain$c20140416$dDecember 31, 2035$fTESTPROGRAM$fTESTPROGRAM Silver$uhttp://localhost/services/testprogram/docs/TESTPROGRAMProgramStatement.pdf
=583  \\$acompleteness reviewed$c20140416$fTESTPROGRAM$fTESTPROGRAM Silver$ivolume-level
=852  0\$aTESTINST1$bHDC$ctestprogram-trust
=866  30$80$a1(1988)-18(2005)

