=LDR  00712nx  a22001811n 4500
=003  TestILS
=004  991011536429703841
=007  ta
=001  221106358580003841
=008  1905090u\\\\0\\\0000ba\\\0\\\\\\
=005  20210520081217.94
=022  \\$a1092-5511
=035  \\$a(OCoLC)1565799
=245  10$aDaily news record.
=583  \\$acommitted to retain$c20190509$dDecember 31, 2035$fTESTPROGRAM$fTESTPROGRAM Silver$uhttp://localhost/services/testprogram/docs/TESTPROGRAMProgramStatement.pdf
=583  \\$acompleteness reviewed$c20190509$fTESTPROGRAM$fTESTPROGRAM Silver$ivolume level$lmissing volumes$zmissing v.1(1916)-31(2001), v.32:41,47, 52(2002), v.35:51(2005), v.37:9(2007), v.38:7,38-46 (2008)
=561  \\$aTESTINST1
=852  0\$aTESTINST1$bHDC$ctestprogram-trust$hHD9851$i.D35x
=866  30$80$a32(2002)-38(2008)

