=LDR  00793nx  a22001931n 4500
=003  TestILS
=004  991011478209703841
=007  ta
=001  221127832420003841
=008  1908165u\\\\0\\\0000ba\\\0\\\\\\
=005  20210520081217.68
=022  \\$a0066-183X
=035  \\$a(OCoLC)1481168
=245  00$aAnglo-Norman texts.
=583  \\$acommitted to retain$c20190923$dDecember 31, 2035$fTESTPROGRAM$fTESTPROGRAM Gold$uhttp://localhost/services/testprogram/docs/TESTPROGRAMProgramStatement.pdf
=583  \\$acompleteness reviewed$c20190923$fTESTPROGRAM$fTESTPROGRAM Gold$iissue level$lmissing issues$zmissing no.1, 3-6, 8, 14-16, 26-28, 67(2009)-72(2015)
=583  \\$acondition reviewed$c20190923$fTESTPROGRAM$fTESTPROGRAM Gold$iissue level
=561  \\$aTESTINST1
=852  0\$aTESTINST1$bHDC$ctestprogram-trust$hPR1120$i.A5x
=866  30$80$ano.2(1940), 7(1947), 9(1955)-13(1964), 17(1961)-25(1967), 29(1971)-66(2008)

