=LDR  00634nx  a22001811n 4500
=003  TestILS
=004  991025083629703841
=007  ta
=001  221157379210003841
=008  2011300u\\\\0\\\0000ba\\\0\\\\\\
=005  20210520081217.44
=022  \\$a0270-2487
=035  \\$a(OCoLC)6263365
=245  00$aGovernment union review.
=583  \\$acommitted to retain$c20201130$dDecember 31, 2035$fTESTPROGRAM$fTESTPROGRAM Silver$uhttp://localhost/services/testprogram/docs/TESTPROGRAMProgramStatement.pdf
=583  \\$acompleteness reviewed$c20201130$fTESTPROGRAM$fTESTPROGRAM Silver$ivolume level$lmissing volumes$zmissing v.13:4(1992)
=561  \\$aTESTINST1
=852  0\$aTESTINST1$bHDC$ctestprogram-trust$hHD8008.A1$iG63
=866  30$80$a1(1980)-19(2000)

