=LDR  00703nx  a22001931n 4500
=003  TestILS
=004  991036015459703841
=007  ta
=001  221091665720003841
=008  1808165u\\\\0\\\0000ba\\\0\\\\\\
=005  20210520081217.98
=022  \\$a0537-2550
=035  \\$a(OCoLC)1305650
=245  00$aIndian sociological bulletin.
=583  \\$acommitted to retain$c20180816$dDecember 31, 2035$fTESTPROGRAM$fTESTPROGRAM Gold$uhttp://localhost/services/testprogram/docs/TESTPROGRAMProgramStatement.pdf
=583  \\$acompleteness reviewed$c20180816$fTESTPROGRAM$fTESTPROGRAM Gold$iissue level$lmissing issues$zmissing v.1:3; v.2:4; v.3:4
=583  \\$acondition reviewed$c20180816$fTESTPROGRAM$fTESTPROGRAM Gold$iissue level
=561  \\$aWAU
=852  0\$aTESTINST1$bHDC$ctestprogram-trust$hHM1$i.I5
=866  30$80$a1(1964)-7(1970)

