=LDR  00684ny  a22002053n 4500
=001  22830267790003841
=003  TestILS
=004  991016983199703841
=005  20210520081218.18
=007  ta
=008  1409050u\\\\0\\\0001ba\\\0\\\\\\\\\\\\\\
=014  1\$a1638919$bOCoLC
=035  \\$a(OCoLC)1638919
=035  \\$a(TestILS)c13515354-01asu_inst
=245  04$aThe Month and Catholic review.
=561  \\$aCUF
=583  \\$acommitted to retain$c20140905$dDecember 31, 2035$fTESTPROGRAM$fTESTPROGRAM Silver$uhttp://localhost/services/testprogram/docs/TESTPROGRAMProgramStatement.pdf
=583  \\$acompleteness reviewed$c20140905$fTESTPROGRAM$fTESTPROGRAM Silver$ivolume-level
=852  0\$aTESTINST1$bHDC$ctestprogram-trust$hAP4$i.M65
=866  30$80$a20(1874)-43(1881)
=868  30$80$a20(1874)-43(1881)

