=LDR  00710nx  a22001931n 4500
=003  TestILS
=004  991011546149703841
=007  ta
=001  221129847880003841
=008  1910315u\\\\0\\\0000ba\\\0\\\\\\
=005  20210520081217.95
=022  \\$a0070-9433
=035  \\$a(OCoLC)1567642
=245  00$aEducators guide to free social studies materials.
=583  \\$acommitted to retain$c20191031$dDecember 31, 2035$fTESTPROGRAM$fTESTPROGRAM Gold$uhttp://localhost/services/testprogram/docs/TESTPROGRAMProgramStatement.pdf
=583  \\$acompleteness reviewed$c20191031$fTESTPROGRAM$fTESTPROGRAM Gold$iissue level$lmissing issues$zmissing 1961-2009
=583  \\$acondition reviewed$c20191031$fTESTPROGRAM$fTESTPROGRAM Gold$iissue level
=561  \\$aTESTINST1
=852  0\$aTESTINST1$bHDC$ctestprogram-trust$hH62.A1$iE3
=866  30$80$ano.50(2010/2011)-55(2015/2016)

