=LDR  00722nx  a22001931n 4500
=003  TestILS
=004  991025123129703841
=007  ta
=001  221115208020003841
=008  1908165u\\\\0\\\0000ba\\\0\\\\\\
=005  20210520081217.42
=022  \\$a0734-0605
=035  \\$a(OCoLC)6747640
=245  02$aA Directory of American poets and fiction writers.
=583  \\$acommitted to retain$c20190823$dDecember 31, 2035$fTESTPROGRAM$fTESTPROGRAM Gold$uhttp://localhost/services/testprogram/docs/TESTPROGRAMProgramStatement.pdf
=583  \\$acompleteness reviewed$c20190523$fTESTPROGRAM$fTESTPROGRAM Gold$iissue level$lmissing issues$zmissing 1985-86
=583  \\$acondition reviewed$c20190823$fTESTPROGRAM$fTESTPROGRAM Gold$iissue level
=561  \\$aTESTINST1
=852  0\$aTESTINST1$bHDC$ctestprogram-trust$hPS129$i.D55
=866  30$80$a(1980)-(1981), (1983)-(1984), (1987)-(2004)

