=LDR  00661ny  a22002053n 4500
=001  22883448860003841
=003  TestILS
=004  991011912539703841
=005  20210520081217.89
=007  ta
=008  1306110u\\\\0\\\0001ba\\\0\\\\\\\\\\\\\\
=014  1\$a2247694$bOCoLC
=022  \\$a0317-0861
=035  \\$a(OCoLC)2247694
=035  \\$a(TestILS)c13184611-01asu_inst
=245  00$aCanadian public policy =$bAnalyse de politiques.
=561  \\$aTESTINST1
=583  \\$acommitted to retain$c20130611$dDecember 31, 2035$fTESTPROGRAM$fTESTPROGRAM Silver$uhttp://localhost/services/testprogram/docs/TESTPROGRAMProgramStatement.pdf
=583  \\$acompleteness reviewed$c20130611$fTESTPROGRAM$fTESTPROGRAM Silver$ivolume-level
=852  0\$aTESTINST1$bHDC$ctestprogram-trust
=866  30$80$a1(1975)-31(2005)

