=LDR  00703nx  a22001931n 4500
=003  TestILS
=004  991035501079703841
=007  ta
=001  221171329430003841
=008  2105110u\\\\0\\\0000ba\\\0\\\\\\
=005  20210520081218.02
=022  \\$a0212-338X
=035  \\$a(OCoLC)12490567
=245  00$aEstudios de filología latina.
=583  \\$acommitted to retain$c20210511$d20351231$fTESTPROGRAM$fTESTPROGRAM Gold$uhttp://localhost/services/testprogram/docs/TESTPROGRAMProgramStatement.pdf
=583  \\$acompleteness reviewed$c20210511$fTESTPROGRAM$fTESTPROGRAM Gold$iissue level$lmissing issues$zmissing v.4(1984) and after
=583  \\$acondition reviewed$c20210511$fTESTPROGRAM$fTESTPROGRAM Gold$iissue level
=561  \\$aTESTINST1
=852  0\$aTESTINST1$bHDC$ctestprogram-trust$hPA2009$i.E86
=866  30$80$ano. 1(1980)-3(1983)

