=LDR  00580ny  a22001693n 4500
=003  TestILS
=004  991008732319703841
=005  20210520081217.52
=001  221098636790003841
=007  ta
=008  1901110u\\\\0\\\0001aa\\\0\\\\\\\\\\\\\8
=022  \\$a0047-4800
=035  \\$a(OCoLC)986752
=245  10$aLittérature.
=561  \\$aTESTINST1
=583  \\$acommitted to retain$c20190111$dDecember 31, 2035$fTESTPROGRAM$fTESTPROGRAM Bronze$uhttp://localhost/services/testprogram/docs/TESTPROGRAMProgramStatement.pdf
=852  0\$aTESTINST1$bHDC$ctestprogram-trust$hPQ2$i.L5x
=866  30$80$ano.1(1971), 4(1971), 6(1972)-104(1996), 117(2000)-120(2000), 125(2002)-180(2015)

