=LDR  00581ny  a22001933n 4500
=001  22957119980003841
=003  TestILS
=004  991014168049703841
=005  20210520081217.92
=007  ta
=008  1205010u\\\\0\\\0001ba\\\0\\\\\\\\\\\\\\
=014  1\$a2395982$bOCoLC
=022  \\$a0313-6647
=035  \\$a(OCoLC)2395982
=035  \\$a(TestILS)c12688873-01asu_inst
=245  00$aAustralian journal of public administration.
=561  \\$aTESTINST1
=583  \\$acommitted to retain$c20120501$dDecember 31, 2035$fTESTPROGRAM$fTESTPROGRAM Bronze$uhttp://localhost/services/testprogram/docs/TESTPROGRAMProgramStatement.pdf
=852  0\$aTESTINST1$bHDC$ctestprogram-trust
=866  30$80$a39(1976)-64(2005)

