=LDR  00741nx  a22001931n 4500
=003  TestILS
=004  991019844579703841
=007  ta
=001  221126709430003841
=008  1908165u\\\\0\\\0000ba\\\0\\\\\\
=005  20210520081217.82
=022  \\$a0704-5263
=035  \\$a(OCoLC)3797341
=245  00$aPerception.
=583  \\$acommitted to retain$c20190823$dDecember 31, 2035$fTESTPROGRAM$fTESTPROGRAM Gold$uhttp://localhost/services/testprogram/docs/TESTPROGRAMProgramStatement.pdf
=583  \\$acompleteness reviewed$c20190823$fTESTPROGRAM$fTESTPROGRAM Gold$iissue level$lmissing issues$zmissing v.9:6(1985), 10:4(1986), 11:3-6(1987), 16:1,5-6(1992),
=583  \\$acondition reviewed$c20190823$fTESTPROGRAM$fTESTPROGRAM Gold$iissue level
=561  \\$aTESTINST1
=852  0\$aTESTINST1$bHDC$ctestprogram-trust$hHM1$i.P45x
=866  30$80$a1(1977)-25(2002)

