=LDR  00658nx  a22001931n 4500
=003  TestILS
=004  991005073919703841
=007  ta
=001  221067401600003841
=008  1805165u\\\\0\\\0000ba\\\0\\\\\\
=005  20210520081218.16
=022  \\$a1209-5591
=035  \\$a(OCoLC)38689363
=245  00$aFleming's Canadian legislatures.
=583  \\$acommitted to retain$c20180523$dDecember 31, 2035$fTESTPROGRAM$fTESTPROGRAM Gold$uhttp://localhost/services/testprogram/docs/TESTPROGRAMProgramStatement.pdf
=583  \\$acompleteness reviewed$c20180523$fTESTPROGRAM$fTESTPROGRAM Gold$iissue level
=583  \\$acondition reviewed$c20180523$fTESTPROGRAM$fTESTPROGRAM Gold$iissue level
=561  \\$aTESTINST1
=852  0\$aTESTINST1$bHDC$ctestprogram-trust$hJL179 .C362
=866  30$80$ano.11(1997)

