=LDR  00692nx  a22001931n 4500
=003  TestILS
=004  991048140173303841
=007  ta
=001  221067568020003841
=008  1805165u\\\\0\\\0000ba\\\0\\\\\\
=005  20210520081217.40
=022  \\$a1374-8297
=035  \\$a(OCoLC)42267619
=245  00$aBulletin de la Société royale belge d'entomologie =$bBulletin van de Koninklijke Belgische Vereniging voor Entomologie.
=583  \\$acommitted to retain$c20180523$dDecember 31, 2035$fTESTPROGRAM$fTESTPROGRAM Gold$uhttp://localhost/services/testprogram/docs/TESTPROGRAMProgramStatement.pdf
=583  \\$acompleteness reviewed$c20180523$fTESTPROGRAM$fTESTPROGRAM Gold$iissue level$lmissing volumes$zmissing v.136-142
=583  \\$acondition reviewed$c20180523$fTESTPROGRAM$fTESTPROGRAM Gold$iissue level
=561  \\$aTESTINST1
=852  0\$aTESTINST1$bHDC$ctestprogram-trust$hQL461$i.S45
=866  30$80$a135(1999)

