=LDR  00662ny  a22002053n 4500
=001  22830281780003841
=003  TestILS
=004  991032299399703841
=005  20210520081218.03
=007  ta
=008  1406300u\\\\0\\\0001ba\\\0\\\\\\\\\\\\\\
=014  1\$a9958429$bOCoLC
=022  0\$a0746-3537
=035  \\$a(OCoLC)9958429
=035  \\$a(TestILS)c13492056-01asu_inst
=245  04$aThe Technology teacher :$ba journal of the American Industrial Arts Association.
=561  \\$aCUF
=583  \\$acommitted to retain$c20140630$dDecember 31, 2035$fTESTPROGRAM$fTESTPROGRAM Silver$uhttp://localhost/services/testprogram/docs/TESTPROGRAMProgramStatement.pdf
=583  \\$acompleteness reviewed$c20140630$fTESTPROGRAM$fTESTPROGRAM Silver$ivolume-level
=852  0\$aTESTINST1$bHDC$ctestprogram-trust
=866  30$80$a43(1983)-66(2007)

