=LDR  00666nx  a22001931n 4500
=003  TestILS
=004  991030596829703841
=007  ta
=001  221122167380003841
=008  1908165u\\\\0\\\0000ba\\\0\\\\\\
=005  20210520081217.58
=022  \\$a0748-0164
=035  \\$a(OCoLC)9579579
=245  10$aCross currents.
=583  \\$acommitted to retain$c20190823$dDecember 31, 2035$fTESTPROGRAM$fTESTPROGRAM Gold$uhttp://localhost/services/testprogram/docs/TESTPROGRAMProgramStatement.pdf
=583  \\$acompleteness reviewed$c20190823$fTESTPROGRAM$fTESTPROGRAM Gold$iissue level
=583  \\$acondition reviewed$c20190823$fTESTPROGRAM$fTESTPROGRAM Gold$iissue level
=561  \\$aTESTINST1
=852  0\$aTESTINST1$bHDC$ctestprogram-trust$hCB205$i.C76x
=866  30$80$ano.1(1982)-12(1993)

