=LDR  00706nx  a22001811n 4500
=003  TestILS
=004  991025085539703841
=007  ta
=001  221114788390003841
=008  1908140u\\\\0\\\0000ba\\\0\\\\\\
=005  20210520081217.44
=022  \\$a0350-6134
=035  \\$a(OCoLC)6287861
=245  00$aCollegium antropologicum.
=583  \\$acommitted to retain$c20190814$dDecember 31, 2035$fTESTPROGRAM$fTESTPROGRAM Silver$uhttp://localhost/services/testprogram/docs/TESTPROGRAMProgramStatement.pdf
=583  \\$acompleteness reviewed$c20190814$fTESTPROGRAM$fTESTPROGRAM Silver$ivolume level$lmissing volumes$zmissing 27:2 (2003), 29(2005), 31(2007),  33:3 (2009), 38:3 (2014), 39(2015)
=561  \\$aTESTINST1
=852  0\$aTESTINST1$bHDC$ctestprogram-trust$hGN49$i.C65x
=866  30$80$a1(1977)-30(2006), 32(2008)-38(2014)

