=LDR  00751ny  a22002173n 4500
=001  22901440180003841
=003  TestILS
=004  991022876139703841
=005  20210520081218.14
=007  ta
=008  1404160u\\\\0\\\0001ba\\\0\\\\\\\\\\\\\\
=014  1\$a5511221$bOCoLC
=022  0\$a0706-1706
=035  \\$a(OCoLC)5511221
=035  \\$a(TestILS)c13382652-01asu_inst
=245  00$aLabour, capital and society =$bTravail, capital et société.
=561  \\$aTESTINST1
=583  \\$acommitted to retain$c20140416$dDecember 31, 2035$fTESTPROGRAM$fTESTPROGRAM Silver$uhttp://localhost/services/testprogram/docs/TESTPROGRAMProgramStatement.pdf
=583  \\$acompleteness reviewed$c20140416$fTESTPROGRAM$fTESTPROGRAM Silver$ivolume-level$lmissing volumes$zmissing vols. 12-18
=852  0\$aTESTINST1$bHDC$ctestprogram-trust$hHD5852$i.L33x
=866  30$80$a19(1986)-39(2006)
=868  30$80$a1(1968)-18(1985)

