=LDR  00723    a2200217 n 4500
=001  22969296060003841
=003  TestILS
=004  991011486549703841
=005  20210520081217.68
=007  ta
=008  1605010u\\\\0\\\0001ba\\\0\\\\\\\\\\\\\\
=014  1\$a1493923$bOCoLC
=022  0\$a0341-0471
=035  \\$a(OCoLC)1493923
=035  \\$a(TestILS)c13791060-01asu_inst
=245  00$aZeitschrift für Naturforschung.$nTeil C,$pBiochemie, Biophysik, Biologie, Virologie.
=561  \\$aTESTINST1
=583  \\$acommitted to retain$c20160501$dDecember 31, 2035$fTESTPROGRAM$fTESTPROGRAM Gold$uhttp://localhost/services/testprogram/docs/TESTPROGRAMProgramStatement.pdf
=583  \\$acompleteness reviewed$c20160501$fTESTPROGRAM$fTESTPROGRAM Gold$iissue-level
=583  \\$acondition reviewed$c20160501$fTESTPROGRAM$fTESTPROGRAM Gold$iissue-level
=852  0\$aTESTINST1$bHDC$ctestprogram-trust
=866  30$80$a28(1973)

