=LDR  00672ny  a22001933n 4500
=001  22880449630003841
=003  TestILS
=004  991033911919703841
=005  20210520081218.01
=007  ta
=008  1605090u\\\\0\\\0001ba\\\0\\\\\\\\\\\\\\
=014  1\$a11717735$bOCoLC
=035  \\$a(OCoLC)11717735
=035  \\$a(TestILS)c13793810-01asu_inst
=245  00$aEndangered species technical bulletin reprint.
=561  \\$aTESTINST1
=583  \\$acommitted to retain$c20160509$dDecember 31, 2035$fTESTPROGRAM$fTESTPROGRAM Silver$uhttp://localhost/services/testprogram/docs/TESTPROGRAMProgramStatement.pdf
=583  \\$acompleteness reviewed$c20160509$fTESTPROGRAM$fTESTPROGRAM Silver$ivolume-level$lReprint$zv.1-4 Reprint
=852  0\$aTESTINST1$bHDC$ctestprogram-trust
=866  30$80$a1, no.5(1984)-4, no.8(1987)

