=LDR  00668nx  a22001811n 4500
=003  TestILS
=004  991037848489703841
=007  ta
=001  221064653860003841
=008  1805040u\\\\0\\\0000ba\\\0\\\\\\
=005  20210520081217.54
=022  \\$a0888-4501
=035  \\$a(OCoLC)13585752
=245  00$aDealerscope merchandising.
=583  \\$acommitted to retain$c20180504$dDecember 31, 2035$fTESTPROGRAM$fTESTPROGRAM Silver$uhttp://localhost/services/testprogram/docs/TESTPROGRAMProgramStatement.pdf
=583  \\$acompleteness reviewed$c20180504$fTESTPROGRAM$fTESTPROGRAM Silver$ivolume level$lmissing volumes$zmissing v.28:3-5,10-12; v.31:2; v.34:11; v.35:10
=561  \\$aTESTINST1
=852  0\$aTESTINST1$bHDC$ctestprogram-trust$hHD9971.U6 D4
=866  30$80$a28(1986)-37, no.9(1995)

