=LDR  00734nx  a22001811n 4500
=003  TestILS
=004  991014223269703841
=007  ta
=001  221115218600003841
=008  1905310u\\\\0\\\0000ba\\\0\\\\\\
=005  20210520081218.15
=022  \\$a0449-5063
=035  \\$a(OCoLC)2750892
=245  00$aJournal of California law enforcement.
=583  \\$acommitted to retain$c20190531$dDecember 31, 2035$fTESTPROGRAM$fTESTPROGRAM Silver$uhttp://localhost/services/testprogram/docs/TESTPROGRAMProgramStatement.pdf
=583  \\$acompleteness reviewed$c20190531$fTESTPROGRAM$fTESTPROGRAM Silver$ivolume level$lmissing volumes$zmissing v.1:1,3(1966), v.2:3-4(1967), v.3:2-4(1968), v.4:3(1969), v.5:2,4(1970), v.6:1-2(1971), v.9:4(1975), v.28:3(1994)
=561  \\$aTESTINST1
=852  0\$aTESTINST1$bHDC$ctestprogram-trust$hHV7551$i.J65x
=866  30$80$a1(1966)-35(2001)

