=LDR  00714nx  a22001931n 4500
=003  TestILS
=004  991008763629703841
=007  ta
=001  221128993100003841
=008  1908165u\\\\0\\\0000ba\\\0\\\\\\
=005  20210520081217.53
=022  \\$a0067-253X
=035  \\$a(OCoLC)1213178
=245  00$aAutomobile facts and figures.
=583  \\$acommitted to retain$c20190923$dDecember 31, 2035$fTESTPROGRAM$fTESTPROGRAM Gold$uhttp://localhost/services/testprogram/docs/TESTPROGRAMProgramStatement.pdf
=583  \\$acompleteness reviewed$c20190923$fTESTPROGRAM$fTESTPROGRAM Gold$iissue level
=583  \\$acondition reviewed$c20190923$fTESTPROGRAM$fTESTPROGRAM Gold$iissue level
=561  \\$aTESTINST1
=852  0\$aTESTINST1$bHDC$ctestprogram-trust$hHD9710.U5$iA8
=866  30$80$a(1939)-(1940), (1942)-(1945), (1950)-(1955), (1963), (1972)-(1974)

