=LDR  00816    a2200253 n 4500
=001  22912699670003841
=003  TestILS
=004  991016527939703841
=005  20210520081218.11
=007  ta
=008  1505270u\\\\0\\\0001ba\\\0\\\\\\\\\\\\\\
=014  1\$a3086223$bOCoLC
=022  \\$a0584-9144$l0584-9144
=030  \\$aSPORAI
=035  \\$a(OCoLC)3086223
=035  \\$a(TestILS)c13606153-01asu_inst
=245  10$aSpores.
=561  \\$aTESTINST1
=561  \\$aUBY
=561  \\$aCPS
=583  \\$acommitted to retain$c20150527$dDecember 31, 2035$fTESTPROGRAM$fTESTPROGRAM Gold$uhttp://localhost/services/testprogram/docs/TESTPROGRAMProgramStatement.pdf
=583  \\$acompleteness reviewed$c20150527$fTESTPROGRAM$fTESTPROGRAM Gold$iissue-level
=583  \\$acondition reviewed$c20150527$fTESTPROGRAM$fTESTPROGRAM Gold$iissue-level
=852  0\$aTESTINST1$bHDC$ctestprogram-trust$hQR84$i.S63
=866  30$80$a4(1969)-8(1981)

