=LDR  00730    a2200217 n 4500
=001  22908274660003841
=003  TestILS
=004  991042410359703841
=005  20210520081217.50
=007  ta
=008  1505220u\\\\0\\\0001ba\\\0\\\\\\\\\\\\\\
=014  1\$a20608930$bOCoLC
=022  0\$a1047-1111
=035  \\$a(OCoLC)20608930
=035  \\$a(TestILS)c13604703-01asu_inst
=245  00$aWorld currency monitor annual.$pU.S. dollar /$cBank of America, World Information Services.
=561  \\$aTESTINST1
=583  \\$acommitted to retain$c20150522$dDecember 31, 2035$fTESTPROGRAM$fTESTPROGRAM Gold$uhttp://localhost/services/testprogram/docs/TESTPROGRAMProgramStatement.pdf
=583  \\$acompleteness reviewed$c20150522$fTESTPROGRAM$fTESTPROGRAM Gold$iissue-level
=583  \\$acondition reviewed$c20150522$fTESTPROGRAM$fTESTPROGRAM Gold$iissue-level
=852  0\$aTESTINST1$bHDC$ctestprogram-trust
=866  30$80$a(1976)-(1989)

