=LDR  00912ny  a22002293n 4500
=001  22887530380003841
=003  TestILS
=004  991011584119703841
=005  20210520081217.79
=007  ta
=008  1404160u\\\\0\\\0001ba\\\0\\\\\\\\\\\\\\
=014  1\$a1604142$bOCoLC
=022  0\$a0022-1864
=035  \\$a(OCoLC)1604142
=035  \\$a(TestILS)c13382597-01asu_inst
=245  00$aJournal of industrial teacher education.
=561  \\$aTESTINST1
=583  \\$acommitted to retain$c20140416$dDecember 31, 2035$fTESTPROGRAM$fTESTPROGRAM Silver$uhttp://localhost/services/testprogram/docs/TESTPROGRAMProgramStatement.pdf
=583  \\$acompleteness reviewed$c20140416$fTESTPROGRAM$fTESTPROGRAM Silver$ivolume-level$lmissing volumes$zmissing vols. 39-42$lbinding patterns vary$zvols. 1-3 bound together; for vols. 4-5, 7-8, 10-23, 26-27, 32-33 two volumes bound together as single piece
=852  0\$aTESTINST1$bHDC$ctestprogram-trust$hLC1081.A2$iJ6x
=866  30$80$a1(1963)-38(2001)
=867  30$80$a25(1987)
=868  30$80$a1(1963)-25(1987)

