=LDR  00646nx  a22001811n 4500
=003  TestILS
=004  991011782249703841
=007  ta
=001  221065898200003841
=008  1805040u\\\\0\\\0000ba\\\0\\\\\\
=005  20210520081217.97
=022  \\$a0039-4424
=035  \\$a(OCoLC)1782183
=245  00$aSuccess unlimited.
=583  \\$acommitted to retain$c20180504$dDecember 31, 2035$fTESTPROGRAM$fTESTPROGRAM Silver$uhttp://localhost/services/testprogram/docs/TESTPROGRAMProgramStatement.pdf
=583  \\$acompleteness reviewed$c20180504$fTESTPROGRAM$fTESTPROGRAM Silver$ivolume level$lmissing volumes$zmissing v.1-18; v.22:9-12; 23:1-8
=561  \\$aTESTINST1
=852  0\$aTESTINST1$bHDC$ctestprogram-trust$hHF5001 .S92x
=866  30$80$a19(1972)-27(1980)

