=LDR  00769ny  a22002053n 4500
=001  22948730290003841
=003  TestILS
=004  991011697929703841
=005  20210520081217.86
=007  ta
=008  1404160u\\\\0\\\0001ba\\\0\\\\\\\\\\\\\\
=014  1\$a1757446$bOCoLC
=022  1\$a0026-3451
=035  \\$a(OCoLC)1757446
=035  \\$a(TestILS)c13397461-01asu_inst
=245  04$aThe Midwest quarterly.
=561  \\$aTESTINST1
=583  \\$acommitted to retain$c20140416$dDecember 31, 2035$fTESTPROGRAM$fTESTPROGRAM Silver$uhttp://localhost/services/testprogram/docs/TESTPROGRAMProgramStatement.pdf
=583  \\$acompleteness reviewed$c20140416$fTESTPROGRAM$fTESTPROGRAM Silver$ivolume-level$lmissing volumes$zmissing vols. 16-42$lbinding patterns vary$zvols. 10-11 bound together
=852  0\$aTESTINST1$bHDC$ctestprogram-trust
=866  30$80$a1(1959)-15(1974), 43(2001)-47(2006)

