=LDR  00666nx  a22001931n 4500
=003  TestILS
=004  991030555179703841
=007  ta
=001  221042891320003841
=008  1709250u\\\\0\\\0000ba\\\0\\\\\\
=005  20210520081217.46
=022  \\$a0745-2500
=035  \\$a(OCoLC)8853934
=245  10$aPC :$bthe independent guide to IBM personal computers.
=583  \\$acommitted to retain$c20170925$dDecember 31, 2035$fTESTPROGRAM$fTESTPROGRAM Silver$uhttp://localhost/services/testprogram/docs/TESTPROGRAMProgramStatement.pdf
=583  \\$acompleteness reviewed$c20170925$fTESTPROGRAM$fTESTPROGRAM Silver$iissue-level$lmissing volumes$zmissing v.1:1-2; v.2:8-12
=561  \\$aTESTINST1
=561  \\$aCSJ
=852  0\$aTESTINST1$bHDC$ctestprogram-trust$hQA76.8 .I1015 P38
=866  30$80$a1(1982)-5, no.1(1985)

