=LDR  00734    a2200217 n 4500
=001  22927338790003841
=003  TestILS
=004  991042415809703841
=005  20210520081217.50
=007  ta
=008  1505110u\\\\0\\\0001ba\\\0\\\\\\\\\\\\\\
=014  1\$a20788857$bOCoLC
=022  0\$a1048-9401
=035  \\$a(OCoLC)20788857
=035  \\$a(TestILS)c13598016-01asu_inst
=245  04$aThe Early drama, art, and music review.
=561  \\$aTESTINST1
=583  \\$acommitted to retain$c20150511$dDecember 31, 2035$fTESTPROGRAM$fTESTPROGRAM Gold$uhttp://localhost/services/testprogram/docs/TESTPROGRAMProgramStatement.pdf
=583  \\$acompleteness reviewed$c20150511$fTESTPROGRAM$fTESTPROGRAM Gold$iissue-level
=583  \\$acondition reviewed$c20150511$fTESTPROGRAM$fTESTPROGRAM Gold$iissue-level
=852  0\$aTESTINST1$bHDC$ctestprogram-trust
=866  30$80$a12(1989)-24(2002)

