=LDR  00777nx  a22001931n 4500
=003  TestILS
=004  991037146709703841
=007  ta
=001  221033596370003841
=008  1708220u\\\\0\\\0000ba\\\0\\\\\\
=005  20210520081217.99
=022  \\$a1042-4687
=035  \\$a(OCoLC)13674985
=245  00$aApplications of digital image processing.
=583  \\$acommitted to retain$c20170821$dDecember 31, 2035$fTESTPROGRAM$fTESTPROGRAM Gold$uhttp://localhost/services/testprogram/docs/TESTPROGRAMProgramStatement.pdf
=583  \\$acompleteness reviewed$c20170821$fTESTPROGRAM$fTESTPROGRAM Gold$iissue-level$lmissing volumes$zmissing no.1, no.18
=583  \\$acondition reviewed$c20170821$fTESTPROGRAM$fTESTPROGRAM Gold$iissue-level$lmissing covers$zno.4-7, 10-12 lack original cover
=561  \\$aTESTINST1
=852  0\$aTESTINST1$bHDC$ctestprogram-trust$hTJ212.2$i.A65
=866  30$80$ano. 2(1978)-17(1994), 19(1996)-26(2003)

