=LDR  00697ny  a22002053n 4500
=001  22816516770003841
=003  TestILS
=004  991044151189703841
=005  20210520081217.51
=007  ta
=008  1405150u\\\\0\\\0001ba\\\0\\\\\\\\\\\\\\
=014  1\$a26969393$bOCoLC
=022  0\$a1183-854X
=035  \\$a(OCoLC)26969393
=035  \\$a(TestILS)c13404490-01asu_inst
=245  00$aTextual studies in Canada =$bÉtudes textuelles au Canada.
=561  \\$aTESTINST1
=583  \\$acommitted to retain$c20140515$dDecember 31, 2035$fTESTPROGRAM$fTESTPROGRAM Silver$uhttp://localhost/services/testprogram/docs/TESTPROGRAMProgramStatement.pdf
=583  \\$acompleteness reviewed$c20140515$fTESTPROGRAM$fTESTPROGRAM Silver$ivolume-level$lmissing volumes$zmissing vols. 1-8, 10-17
=852  0\$aTESTINST1$bHDC$ctestprogram-trust
=866  30$80$a9(1997)

