=LDR  00592nx  a22001811n 4500
=003  TestILS
=004  991008779249703841
=007  ta
=001  221058860380003841
=008  1803070u\\\\0\\\0000ba\\\0\\\\\\
=005  20210520081217.95
=022  \\$a0363-5066
=035  \\$a(OCoLC)1298319
=245  00$aNew Catholic world.
=583  \\$acommitted to retain$c20180406$dDecember 31, 2035$fTESTPROGRAM$fTESTPROGRAM Silver$uhttp://localhost/services/testprogram/docs/TESTPROGRAMProgramStatement.pdf
=583  \\$acompleteness reviewed$c20180406$fTESTPROGRAM$fTESTPROGRAM Silver$ivolume level
=561  \\$aTESTINST1
=852  0\$aTESTINST1$bHDC$ctestprogram-trust$hPN2$i.C3
=866  30$80$a215(1972)-231(1988)

