=LDR  00777    a2200229 n 4500
=001  22905203840003841
=003  TestILS
=004  991027178829703841
=005  20210520081217.80
=007  ta
=008  1505150u\\\\0\\\0001ba\\\0\\\\\\\\\\\\\\
=014  1\$a7675095$bOCoLC
=022  1\$a0731-0935
=035  \\$a(OCoLC)7675095
=035  \\$a(TestILS)c13598727-01asu_inst
=245  00$aSavings and loan sourcebook.
=561  \\$aTESTINST1
=561  \\$aOKU
=583  \\$acommitted to retain$c20150515$dDecember 31, 2035$fTESTPROGRAM$fTESTPROGRAM Gold$uhttp://localhost/services/testprogram/docs/TESTPROGRAMProgramStatement.pdf
=583  \\$acompleteness reviewed$c20150515$fTESTPROGRAM$fTESTPROGRAM Gold$iissue-level
=583  \\$acondition reviewed$c20150515$fTESTPROGRAM$fTESTPROGRAM Gold$iissue-level$lmarginalia$z1981 marginalia
=852  0\$aTESTINST1$bHDC$ctestprogram-trust
=866  30$80$a(1981)-(1983)

