=LDR  00590    a2200181 n 4500
=001  22819687380003841
=003  TestILS
=004  991028930479703841
=005  20210520081218.20
=007  ta
=008  1705260u\\\\0\\\0001ba\\\0\\\\\\\\\\\\\\
=014  1\$a8702047$bOCoLC
=035  \\$a(OCoLC)8702047
=035  \\$a(TestILS)c14147889-01asu_inst
=245  00$aMensch und Arbeit.
=561  \\$aTESTINST1
=583  \\$acommitted to retain$c20170526$dDecember 31, 2035$fTESTPROGRAM$fTESTPROGRAM Bronze$uhttp://localhost/services/testprogram/docs/TESTPROGRAMProgramStatement.pdf
=852  0\$aTESTINST1$bHDC$ctestprogram-trust
=866  30$80$a1(1949)-2(1950), 8(1956)-13(1961), 15(1963)-19(1967)

