=LDR  00778nx  a22001931n 4500
=003  TestILS
=004  991016518499703841
=007  ta
=001  221154736970003841
=008  2104185u\\\\0\\\0000ba\\\0\\\\\\
=005  20210520081218.10
=022  \\$a0037-2420
=035  \\$a(OCoLC)2951847
=245  00$aSequoia.
=583  \\$acommitted to retain$c20210418$d20351231$fTESTPROGRAM$fTESTPROGRAM Gold$uhttp://localhost/services/testprogram/docs/TESTPROGRAMProgramStatement.pdf
=583  \\$acompleteness reviewed$c20210418$fTESTPROGRAM$fTESTPROGRAM Gold$iissue level$lmissing issues$zmissing v.1(1956)-6:1(1960), v.6:3(1961), v.7(1962)-28(1984), v.34/35(1992/93) and after.
=583  \\$acondition reviewed$c20210418$fTESTPROGRAM$fTESTPROGRAM Gold$iissue level
=561  \\$aTESTINST1
=852  0\$aTESTINST1$bHDC$ctestprogram-trust$hPS508.C6$iS48
=866  30$80$a6(1961), 29(1985)-34, no.1(1991)

