=LDR  00774    a2200217 n 4500
=001  22883118980003841
=003  TestILS
=004  991011577479703841
=005  20210520081217.79
=007  ta
=008  1605200u\\\\0\\\0001ba\\\0\\\\\\\\\\\\\\
=014  1\$a1589266$bOCoLC
=022  \\$a0084-182X
=035  \\$a(OCoLC)1589266
=035  \\$a(TestILS)c13831707-01asu_inst
=245  00$aWorld grain trade statistics.
=561  \\$aTESTINST1
=583  \\$acommitted to retain$c20160520$dDecember 31, 2035$fTESTPROGRAM$fTESTPROGRAM Gold$uhttp://localhost/services/testprogram/docs/TESTPROGRAMProgramStatement.pdf
=583  \\$acompleteness reviewed$c20160520$fTESTPROGRAM$fTESTPROGRAM Gold$iissue-level$lmissing volumes$zmissing 1954-1963
=583  \\$acondition reviewed$c20160520$fTESTPROGRAM$fTESTPROGRAM Gold$iissue-level
=852  0\$aTESTINST1$bHDC$ctestprogram-trust
=866  30$80$a(1964/1965)-(1973/1974)

