=LDR  00706nx  a22001931n 4500
=003  TestILS
=004  991037531539703841
=007  ta
=001  221171329360003841
=008  2105110u\\\\0\\\0000ba\\\0\\\\\\
=005  20210520081218.00
=022  \\$a1852-4176
=035  \\$a(OCoLC)650273382
=245  00$aBarometro de la deuda social de la infancia :$bArgentina ... Condiciones de vida de la niñez.
=583  \\$acommitted to retain$c20210511$d20351231$fTESTPROGRAM$fTESTPROGRAM Gold$uhttp://localhost/services/testprogram/docs/TESTPROGRAMProgramStatement.pdf
=583  \\$acompleteness reviewed$c20210511$fTESTPROGRAM$fTESTPROGRAM Gold$iissue level$lmissing issues$zmissing (2006)-(2007), (2009)-(2016)
=583  \\$acondition reviewed$c20210511$fTESTPROGRAM$fTESTPROGRAM Gold$iissue level
=561  \\$aTESTINST1
=852  0\$aTESTINST1$bHDC$ctestprogram-trust$hHQ792.A7$iB37
=866  30$80$a(2004/2008)

