=LDR  00654nx  a22001931n 4500
=003  TestILS
=004  991020865029703841
=007  ta
=001  221153822210003841
=008  2104185u\\\\0\\\0000ba\\\0\\\\\\
=005  20210520081217.85
=022  \\$a0275-4592
=035  \\$a(OCoLC)4781853
=245  04$aThe Interstate compact for education.
=583  \\$acommitted to retain$c20210418$d20351231$fTESTPROGRAM$fTESTPROGRAM Gold$uhttp://localhost/services/testprogram/docs/TESTPROGRAMProgramStatement.pdf
=583  \\$acompleteness reviewed$c20210418$fTESTPROGRAM$fTESTPROGRAM Gold$iissue level
=583  \\$acondition reviewed$c20210418$fTESTPROGRAM$fTESTPROGRAM Gold$iissue level
=561  \\$aTESTINST1
=852  0\$aTESTINST1$bHDC$ctestprogram-trust$hL11$i.C692x
=866  30$80$a12(1979)-15(1981)

