=LDR  00737ny  a22002413n 4500
=001  22818522810003841
=003  TestILS
=004  991011506149703841
=005  20210520081217.45
=007  ta
=008  1207100u\\\\0\\\0001ba\\\0\\\\\\\\\\\\\\
=014  1\$a1536897$bOCoLC
=022  0\$a0006-8101
=035  \\$a(OCoLC)1536897
=035  \\$a(TestILS)c12808945-01asu_inst
=245  04$aThe botanical review.
=561  \\$aTESTINST1
=561  \\$aCDS
=561  \\$aUUM
=583  \\$acommitted to retain$c20120710$dDecember 31, 2035$fTESTPROGRAM$fTESTPROGRAM Silver$uhttp://localhost/services/testprogram/docs/TESTPROGRAMProgramStatement.pdf
=583  \\$acompleteness reviewed$c20120710$fTESTPROGRAM$fTESTPROGRAM Silver$ivolume-level
=852  0\$aTESTINST1$bHDC$ctestprogram-trust
=866  30$80$a1(1935)-71(2005)
=868  30$80$a1(1935)-25(1959)

