=LDR  00599ny  a22001933n 4500
=001  22881244750003841
=003  TestILS
=004  991018840889703841
=005  20210520081217.71
=007  ta
=008  1205030u\\\\0\\\0001ba\\\0\\\\\\\\\\\\\\
=014  1\$a3834971$bOCoLC
=022  0\$a0141-2949
=035  \\$a(OCoLC)3834971
=035  \\$a(TestILS)c12690417-01asu_inst
=245  00$aPolice studies.
=561  \\$aTESTINST1
=583  \\$acommitted to retain$c20120503$dDecember 31, 2035$fTESTPROGRAM$fTESTPROGRAM Bronze$uhttp://localhost/services/testprogram/docs/TESTPROGRAMProgramStatement.pdf
=852  0\$aTESTINST1$bHDC$ctestprogram-trust
=866  30$80$a5(1982)-13(1990). 16(1993)-19(1996)

