=LDR  00696nx  a22001931n 4500
=003  TestILS
=004  991004847339703841
=007  ta
=001  221068168170003841
=008  1805165u\\\\0\\\0000ba\\\0\\\\\\
=005  20210520081218.09
=022  \\$a1036-0220
=035  \\$a(OCoLC)23526595
=245  10$aBiennial research report /$cCSIRO Division of Tropical Crops and Pastures.
=583  \\$acommitted to retain$c20180523$dDecember 31, 2035$fTESTPROGRAM$fTESTPROGRAM Gold$uhttp://localhost/services/testprogram/docs/TESTPROGRAMProgramStatement.pdf
=583  \\$acompleteness reviewed$c20180523$fTESTPROGRAM$fTESTPROGRAM Gold$iissue level$lmissing volumes$zmissing 1988-1994
=583  \\$acondition reviewed$c20180523$fTESTPROGRAM$fTESTPROGRAM Gold$iissue level
=561  \\$aTESTINST1
=852  0\$aTESTINST1$bHDC$ctestprogram-trust$hS381  .C66a
=866  30$80$a(1991)-(1993)

