=LDR  00757nx  a22001931n 4500
=003  TestILS
=004  991005912649703841
=007  ta
=001  221117229400003841
=008  1908165u\\\\0\\\0000ba\\\0\\\\\\
=005  20210520081218.17
=022  \\$a0070-5659
=035  \\$a(OCoLC)932245
=245  00$aDirectory of historical societies and agencies in the United States and Canada.
=583  \\$acommitted to retain$c20190823$dDecember 31, 2035$fTESTPROGRAM$fTESTPROGRAM Gold$uhttp://localhost/services/testprogram/docs/TESTPROGRAMProgramStatement.pdf
=583  \\$acompleteness reviewed$c20190823$fTESTPROGRAM$fTESTPROGRAM Gold$iissue level$lmissing issues$z1956, 1959, 1961, 1963 missing
=583  \\$acondition reviewed$c20190823$fTESTPROGRAM$fTESTPROGRAM Gold$iissue level
=561  \\$aTESTINST1
=852  0\$aTESTINST1$bHDC$ctestprogram-trust$hE172$i.A538
=866  30$80$a(1965/1966)-(1969/1970), (1973/1974)-(1975/1976), (1978), (1982)

