=LDR  00754    a2200217 n 4500
=001  22816710390003841
=003  TestILS
=004  991013746039703841
=005  20210520081217.63
=007  ta
=008  1404090u\\\\0\\\0001ba\\\0\\\\\\\\\\\\\\
=014  1\$a8867197$bOCoLC
=022  0\$a1949-4637$l1949-4637
=035  \\$a(OCoLC)8867197
=035  \\$a(TestILS)c13381167-01asu_inst
=245  00$aMycological bulletin.
=561  \\$aCRU
=583  \\$acommitted to retain$c20140409$dDecember 31, 2035$fTESTPROGRAM$fTESTPROGRAM Gold$uhttp://localhost/services/testprogram/docs/TESTPROGRAMProgramStatement.pdf
=583  \\$acompleteness reviewed$c20140409$fTESTPROGRAM$fTESTPROGRAM Gold$iissue-level
=583  \\$acondition reviewed$c20140409$fTESTPROGRAM$fTESTPROGRAM Gold$iissue-level
=852  0\$aTESTINST1$bHDC$ctestprogram-trust$hQK600$i.M79
=866  30$80$a2(1904)-6(1908)

