=LDR  00817    a2200229 n 4500
=001  22966994590003841
=003  TestILS
=004  991011742569703841
=005  20210520081217.48
=007  ta
=008  1405080u\\\\0\\\0001ba\\\0\\\\\\\\\\\\\\
=014  1\$a1767260$bOCoLC
=022  0\$a0082-2779
=035  \\$a(OCoLC)1767260
=035  \\$a(TestILS)c13403722-01asu_inst
=245  14$aThe Tennessee Tech journal.
=561  \\$aTESTINST1
=561  \\$aUUS
=583  \\$acommitted to retain$c20140508$dDecember 31, 2035$fTESTPROGRAM$fTESTPROGRAM Gold$uhttp://localhost/services/testprogram/docs/TESTPROGRAMProgramStatement.pdf
=583  \\$acompleteness reviewed$c20140508$fTESTPROGRAM$fTESTPROGRAM Gold$iissue-level$lmissing issues$zmissing vol. 2 issue 2
=583  \\$acondition reviewed$c20140508$fTESTPROGRAM$fTESTPROGRAM Gold$iissue-level
=852  0\$aTESTINST1$bHDC$ctestprogram-trust
=866  30$80$a1(1966), 3(1967)-4(1969), 6(1971)-21(1986)

