=LDR  00645nx  a22001811n 4500
=003  TestILS
=004  991037148889703841
=007  ta
=001  221067304290003841
=008  1805140u\\\\0\\\0000ba\\\0\\\\\\
=005  20210520081217.99
=022  \\$a0889-0226
=035  \\$a(OCoLC)13745307
=245  00$aManagement solutions.
=583  \\$acommitted to retain$c20180514$dDecember 31, 2035$fTESTPROGRAM$fTESTPROGRAM Silver$uhttp://localhost/services/testprogram/docs/TESTPROGRAMProgramStatement.pdf
=583  \\$acompleteness reviewed$c20180514$fTESTPROGRAM$fTESTPROGRAM Silver$ivolume level$lmissing volumes$zmissing v.31:12; v.32:2
=561  \\$aTESTINST1
=852  0\$aTESTINST1$bHDC$ctestprogram-trust$hHF5549 .A2 S9x
=866  30$80$a31, no.6(1986)-33(1988)

