=LDR  00762    a2200217 n 4500
=001  22910493070003841
=003  TestILS
=004  991016532299703841
=005  20210520081218.17
=007  ta
=008  1404160u\\\\0\\\0001ba\\\0\\\\\\\\\\\\\\
=014  1\$a3133675$bOCoLC
=022  \\$a0098-1850$l0098-1850
=035  \\$a(OCoLC)3133675
=035  \\$a(TestILS)c13402481-01asu_inst
=245  00$aAbstracts of doctoral dissertations in anthropology.
=561  \\$aTESTINST1
=583  \\$acommitted to retain$c20140416$dDecember 31, 2035$fTESTPROGRAM$fTESTPROGRAM Gold$uhttp://localhost/services/testprogram/docs/TESTPROGRAMProgramStatement.pdf
=583  \\$acompleteness reviewed$c20140416$fTESTPROGRAM$fTESTPROGRAM Gold$iissue-level
=583  \\$acondition reviewed$c20140416$fTESTPROGRAM$fTESTPROGRAM Gold$iissue-level
=852  0\$aTESTINST1$bHDC$ctestprogram-trust$hGN1$i.A16
=866  30$80$a1(1969/1970)-2(1970/1971)

