=LDR  00697nx  a22001931n 4500
=003  TestILS
=004  991016414919703841
=007  ta
=001  221065848830003841
=008  1805040u\\\\0\\\0000ba\\\0\\\\\\
=005  20210520081218.10
=022  \\$a0032-6321
=035  \\$a(OCoLC)1431100
=245  04$aThe Practical accountant.
=583  \\$acommitted to retain$c20180504$dDecember 31, 2035$fTESTPROGRAM$fTESTPROGRAM Silver$uhttp://localhost/services/testprogram/docs/TESTPROGRAMProgramStatement.pdf
=583  \\$acompleteness reviewed$c20180504$fTESTPROGRAM$fTESTPROGRAM Silver$ivolume level$lmissing volumes$zmissing v.1:1-5; v.4:1; v.7-33
=561  \\$aTESTINST1
=852  0\$aTESTINST1$bHDC$ctestprogram-trust$hHF5601 .P73x
=866  30$80$a1(1968)-6(1973), 34(2001)-38(2005)
=867  30$80$a34(2001)-38(2005)

