=LDR  00829    a2200217 n 4500
=001  22821106490003841
=003  TestILS
=004  991008731449703841
=005  20210520081217.52
=007  ta
=008  1605200u\\\\0\\\0001ba\\\0\\\\\\\\\\\\\\
=014  1\$a974150$bOCoLC
=022  \\$a0047-2514
=035  \\$a(OCoLC)974150
=035  \\$a(TestILS)c1383230x-01asu_inst
=245  04$aThe Journal of Irish literature.
=561  \\$aTESTINST1
=583  \\$acommitted to retain$c20160520$dDecember 31, 2035$fTESTPROGRAM$fTESTPROGRAM Gold$uhttp://localhost/services/testprogram/docs/TESTPROGRAMProgramStatement.pdf
=583  \\$acompleteness reviewed$c20160520$fTESTPROGRAM$fTESTPROGRAM Gold$iissue-level$lmissing volumes$zmissing v.1-3$lmissing issues$zmissing 18:2
=583  \\$acondition reviewed$c20160520$fTESTPROGRAM$fTESTPROGRAM Gold$iissue-level$ltight binding$zv.14-15 tight binding
=852  0\$aTESTINST1$bHDC$ctestprogram-trust
=866  30$80$a4(1975)-22(1993)

