=LDR  00594nx  a22001811n 4500
=003  TestILS
=004  991011555949703841
=007  ta
=001  221065259910003841
=008  1805040u\\\\0\\\0000ba\\\0\\\\\\
=005  20210520081218.05
=022  \\$a0015-1998
=035  \\$a(OCoLC)1569234
=245  00$aFinancial executive.
=583  \\$acommitted to retain$c20180504$dDecember 31, 2035$fTESTPROGRAM$fTESTPROGRAM Silver$uhttp://localhost/services/testprogram/docs/TESTPROGRAMProgramStatement.pdf
=583  \\$acompleteness reviewed$c20180504$fTESTPROGRAM$fTESTPROGRAM Silver$ivolume level
=561  \\$aTESTINST1
=852  0\$aTESTINST1$bHDC$ctestprogram-trust$hHF5001 .F514
=866  30$80$a31(1963)-52(1984)

