=LDR  00795ny  a22002413n 4500
=001  22969999000003841
=003  TestILS
=004  991011473339703841
=005  20210520081217.67
=007  ta
=008  1206280u\\\\0\\\0001ba\\\0\\\\\\\\\\\\\\
=014  1\$a1480424$bOCoLC
=022  \\$a0003-0023
=030  \\$aTAMSAJ
=035  \\$a(OCoLC)1480424
=035  \\$a(TestILS)c12807576-01asu_inst
=245  00$aTransactions of the American Microscopical Society.
=561  \\$aTESTINST1
=561  \\$aORE
=583  \\$acommitted to retain$c20120628$dDecember 31, 2035$fTESTPROGRAM$fTESTPROGRAM Silver$uhttp://localhost/services/testprogram/docs/TESTPROGRAMProgramStatement.pdf
=583  \\$acompleteness reviewed$c20120628$fTESTPROGRAM$fTESTPROGRAM Silver$ivolume-level$lmissing volumes$zmissing vols. 17-18, 34 issues 1-3
=852  0\$aTESTINST1$bHDC$ctestprogram-trust
=866  30$80$a19(1898)-113(1994)
=868  30$80$a1(1880)-80(1961)

