=LDR  00778ny  a22001933n 4500
=001  22957032490003841
=003  TestILS
=004  991025120919703841
=005  20210520081217.42
=007  ta
=008  1404160u\\\\0\\\0001ba\\\0\\\\\\\\\\\\\\
=014  1\$a6715123$bOCoLC
=035  \\$a(OCoLC)6715123
=035  \\$a(TestILS)c13396274-01asu_inst
=245  00$aStanford journal of international law.
=561  \\$aTESTINST1
=583  \\$acommitted to retain$c20140416$dDecember 31, 2035$fTESTPROGRAM$fTESTPROGRAM Silver$uhttp://localhost/services/testprogram/docs/TESTPROGRAMProgramStatement.pdf
=583  \\$acompleteness reviewed$c20140416$fTESTPROGRAM$fTESTPROGRAM Silver$ivolume-level$lmissing volumes$zmissing vol. 22 issue 2 and vols. 28-41$lbinding patterns vary$zfor vols. 16-19, two volumes bound together as single piece
=852  0\$aTESTINST1$bHDC$ctestprogram-trust
=866  30$80$a16(1980)-27(1991)

