=LDR  00716nx  a22001811n 4500
=003  TestILS
=004  991011695849703841
=007  ta
=001  221067288610003841
=008  1805140u\\\\0\\\0000ba\\\0\\\\\\
=005  20210520081217.86
=022  \\$a0025-763X
=035  \\$a(OCoLC)1757036
=245  00$aMedical world news.
=583  \\$acommitted to retain$c20180514$dDecember 31, 2035$fTESTPROGRAM$fTESTPROGRAM Silver$uhttp://localhost/services/testprogram/docs/TESTPROGRAMProgramStatement.pdf
=583  \\$acompleteness reviewed$c20180514$fTESTPROGRAM$fTESTPROGRAM Silver$ivolume level$lmissing volumes$zmissing v.2:6; v.3:,13,15-23,25-26; v.5:13-26(Jul-dec) 1964); 6:Jan-Mar 1965; 7:1,6; missing v.23:5-7,10-18
=561  \\$aTESTINST1
=852  0\$aTESTINST1$bHDC$ctestprogram-trust$hR11 .M864
=866  30$80$a1(1960)-35(1994)

