=LDR  00623ny  a22002173n 4500
=001  22901170570003841
=003  TestILS
=004  991011619599703841
=005  20210520081217.91
=007  ta
=008  1205010u\\\\0\\\0001ba\\\0\\\\\\\\\\\\\\
=014  1\$a1642253$bOCoLC
=022  0\$a0020-7233
=030  \\$aIJEVAW
=035  \\$a(OCoLC)1642253
=035  \\$a(TestILS)c12689233-01asu_inst
=245  04$aThe International journal of environmental studies.
=561  \\$aTESTINST1
=561  \\$aCPS
=583  \\$acommitted to retain$c20120501$dDecember 31, 2035$fTESTPROGRAM$fTESTPROGRAM Bronze$uhttp://localhost/services/testprogram/docs/TESTPROGRAMProgramStatement.pdf
=852  0\$aTESTINST1$bHDC$ctestprogram-trust
=866  30$80$a1(1970)-52(1997)

