=LDR  00583nx  a22001811n 4500
=003  TestILS
=004  991048347696803841
=007  ta
=001  221098100180003841
=008  1812270u\\\\0\\\0000ba\\\0\\\\\\
=005  20210520081217.40
=035  \\$a(OCoLC)2052906
=245  04$aThe Boston Cooking School magazine of culinary science and domestic economics.
=583  \\$acommitted to retain$c20181227$dDecember 31, 2035$fTESTPROGRAM$fTESTPROGRAM Silver$uhttp://localhost/services/testprogram/docs/TESTPROGRAMProgramStatement.pdf
=583  \\$acompleteness reviewed$c20181227$fTESTPROGRAM$fTESTPROGRAM Silver$ivolume level
=561  \\$aTESTINST1
=561  \\$aNTD
=852  0\$aTESTINST1$bHDC$ctestprogram-trust$hTX1$i.A6
=866  30$80$a7(1902)-18(1914)

