=LDR  00863ny  a22002293n 4500
=001  22969424890003841
=003  TestILS
=004  991020811989703841
=005  20210520081217.83
=007  ta
=008  1401060u\\\\0\\\0001ba\\\0\\\\\\\\\\\\\\
=014  1\$a4272788$bOCoLC
=022  \\$a0165-9510
=035  \\$a(OCoLC)4272788
=035  \\$a(TestILS)c13303442-01asu_inst
=245  10$aBulletin van het Rijksmuseum.
=561  \\$aTESTINST1
=583  \\$acommitted to retain$c20140106$dDecember 31, 2035$fTESTPROGRAM$fTESTPROGRAM Silver$uhttp://localhost/services/testprogram/docs/TESTPROGRAMProgramStatement.pdf
=583  \\$acompleteness reviewed$c20140106$fTESTPROGRAM$fTESTPROGRAM Silver$ivolume-level$lmissing volumes$zmissing vols. for 1958 issues 3-4; vol. 35
=852  0\$aTESTINST1$bHDC$ctestprogram-trust$hN2460$i.A3
=866  30$80$a(1953)-(1974), 23(1975)-34(1986), 36(1988)-53(2005)
=867  30$80$a39(1991)
=868  30$80$a40(1992)-41(1993), 47(1999), 50(2002)-51(2003)

