=LDR  00705ny  a22002053n 4500
=001  22902161280003841
=003  TestILS
=004  991011626839703841
=005  20210520081217.91
=007  ta
=008  1404160u\\\\0\\\0001ba\\\0\\\\\\\\\\\\\\
=014  1\$a1644018$bOCoLC
=035  \\$a(OCoLC)1644018
=035  \\$a(TestILS)c13396286-01asu_inst
=245  04$aThe Industrial arts teacher.
=561  \\$aTESTINST1
=561  \\$aNTD
=583  \\$acommitted to retain$c20140416$dDecember 31, 2035$fTESTPROGRAM$fTESTPROGRAM Silver$uhttp://localhost/services/testprogram/docs/TESTPROGRAMProgramStatement.pdf
=583  \\$acompleteness reviewed$c20140416$fTESTPROGRAM$fTESTPROGRAM Silver$ivolume-level$lmissing volumes$zmissing vols. 1-9
=852  0\$aTESTINST1$bHDC$ctestprogram-trust$hT61$i.A5714
=866  30$80$a10(1950)-23(1963)

