=LDR  00654nx  a22001931n 4500
=003  TestILS
=004  991048637194803841
=007  ta
=001  221163148600003841
=008  2103245u\\\\0\\\0000ba\\\0\\\\\\
=005  20210520081217.93
=022  \\$a0190-3373
=035  \\$a(OCoLC)20386569
=245  10$aAnthropological literature.
=583  \\$acommitted to retain$c20210324$d20351231$fTESTPROGRAM$fTESTPROGRAM Gold$uhttp://localhost/services/testprogram/docs/TESTPROGRAMProgramStatement.pdf
=583  \\$acompleteness reviewed$c20210324$fTESTPROGRAM$fTESTPROGRAM Gold$iissue level
=583  \\$acondition reviewed$c20210324$fTESTPROGRAM$fTESTPROGRAM Gold$iissue level
=561  \\$aTESTINST1
=852  0\$aTESTINST1$bHDC$ctestprogram-trust$hGN1$i.A64x
=866  30$80$a11(1989)-30(2008)

