=LDR  00693nx  a22001811n 4500
=003  TestILS
=004  991028911479703841
=007  ta
=001  221132779680003841
=008  1912315u\\\\0\\\0000ba\\\0\\\\\\
=005  20210520081218.20
=035  \\$a(OCoLC)8412071
=245  00$aTheatre directory.
=583  \\$acommitted to retain$c20191231$dDecember 31, 2035$fTESTPROGRAM$fTESTPROGRAM Gold$uhttp://localhost/services/testprogram/docs/TESTPROGRAMProgramStatement.pdf
=583  \\$acompleteness reviewed$c20191231$fTESTPROGRAM$fTESTPROGRAM Gold$iissue level$lmissing issues$zmissing (1974/75)-(1980/81)
=583  \\$acondition reviewed$c20191231$fTESTPROGRAM$fTESTPROGRAM Gold$iissue level
=561  \\$aTESTINST1
=852  0\$aTESTINST1$bHDC$ctestprogram-trust$hPN2289$i.T54
=866  30$80$a10(1982/1983)-33(2005/2006)

