=LDR  00861nx  a22001691n 4500
=003  TestILS
=004  991011775039703841
=007  ta
=001  221106398210003841
=008  1905150u\\\\0\\\0000ba\\\0\\\\\\
=005  20210520081217.56
=035  \\$a(OCoLC)1779774
=245  04$aThe Inland printer.
=583  \\$acommitted to retain$c20190515$dDecember 31, 2035$fTESTPROGRAM$fTESTPROGRAM Silver$uhttp://localhost/services/testprogram/docs/TESTPROGRAMProgramStatement.pdf
=583  \\$acompleteness reviewed$c20190515$fTESTPROGRAM$fTESTPROGRAM Silver$ivolume level$lmissing volumes$zmissing v.1(1883)-18(1897), 20(1898)-42:3(1908), 42:5(1909)-70(1923), 72:1(1923), 72:5(1924)-80:3(1927),  82(1928/1929),  106(1940)-107(1941), 109(1942), 117:1-3,6(1946)
=561  \\$aTESTINST1
=852  0\$aTESTINST1$bHDC$ctestprogram-trust$hZ119$i.I56
=866  30$80$a19(1897), 42(1909), 71(1923)-72(1923), 80(1928)-81(1928), 83(1929)-105(1940), 108(1941/1942), 110(1942/1943)-142, no.1(1958)

