=LDR  00670nx  a22001931n 4500
=003  TestILS
=004  991002158309703841
=007  ta
=001  221147859660003841
=008  2005315u\\\\0\\\0000ba\\\0\\\\\\
=005  20210520081217.78
=022  \\$a1050-8694
=035  \\$a(OCoLC)21664233
=245  00$aDirectory of foreign investment in the U.S. :$breal estate and business.
=583  \\$acommitted to retain$c20200630$dDecember 31, 2035$fTESTPROGRAM$fTESTPROGRAM Gold$uhttp://localhost/services/testprogram/docs/TESTPROGRAMProgramStatement.pdf
=583  \\$acompleteness reviewed$c20200630$fTESTPROGRAM$fTESTPROGRAM Gold$iissue level
=583  \\$acondition reviewed$c20200630$fTESTPROGRAM$fTESTPROGRAM Gold$iissue level
=561  \\$aTESTINST1
=852  0\$aTESTINST1$bHDC$ctestprogram-trust$hHG4057$i.A21944
=866  30$80$ano. 1(1991)-2(1994)

