=LDR  00677ny  a22002053n 4500
=001  22878024230003841
=003  TestILS
=004  991033915319703841
=005  20210520081218.01
=007  ta
=008  1404160u\\\\0\\\0001ba\\\0\\\\\\\\\\\\\\
=014  1\$a11793724$bOCoLC
=022  0\$a0887-2058
=035  \\$a(OCoLC)11793724
=035  \\$a(TestILS)c13382469-01asu_inst
=245  00$aJournal of business strategies.
=561  \\$aTESTINST1
=583  \\$acommitted to retain$c20140416$dDecember 31, 2035$fTESTPROGRAM$fTESTPROGRAM Silver$uhttp://localhost/services/testprogram/docs/TESTPROGRAMProgramStatement.pdf
=583  \\$acompleteness reviewed$c20140416$fTESTPROGRAM$fTESTPROGRAM Silver$ivolume-level
=852  0\$aTESTINST1$bHDC$ctestprogram-trust$hHD28$i.J592x
=866  30$80$a1(1984)-23(2006)

