=LDR  00779nx  a22002051n 4500
=003  TestILS
=004  991005911699703841
=007  ta
=001  221045718220003841
=008  1711150u\\\\0\\\0000ba\\\0\\\\\\
=005  20210520081218.17
=022  \\$a0092-5055
=035  \\$a(OCoLC)924392
=245  04$aThe Annual of psychoanalysis.
=583  \\$acommitted to retain$c20171115$dDecember 31, 2035$fTESTPROGRAM$fTESTPROGRAM Gold$uhttp://localhost/services/testprogram/docs/TESTPROGRAMProgramStatement.pdf
=583  \\$acompleteness reviewed$c20171115$fTESTPROGRAM$fTESTPROGRAM Gold$iissue level$lmissing volumes$zmissing v.4; v.6-11; v.29-30; v.33
=583  \\$acondition reviewed$c20171115$fTESTPROGRAM$fTESTPROGRAM Gold$iissue level
=561  \\$aTESTINST1
=561  \\$aCUS
=852  0\$aTESTINST1$bHDC$ctestprogram-trust$hRC500 .A56
=866  30$80$a1(1973)-3(1975), 5(1977), 12(1985)-28(2000), 31(2003)-32(2004)

