=LDR  00781    a2200229 n 4500
=001  22832789330003841
=003  TestILS
=004  991030590599703841
=005  20210520081217.57
=007  ta
=008  1605090u\\\\0\\\0001ba\\\0\\\\\\\\\\\\\\
=014  1\$a9481653$bOCoLC
=022  0\$a0737-8823
=035  \\$a(OCoLC)9481653
=035  \\$a(TestILS)c13793779-01asu_inst
=245  04$aThe Euphorbia journal.
=561  \\$aTESTINST1
=583  \\$acommitted to retain$c20160509$dDecember 31, 2035$fTESTPROGRAM$fTESTPROGRAM Gold$uhttp://localhost/services/testprogram/docs/TESTPROGRAMProgramStatement.pdf
=583  \\$acompleteness reviewed$c20160509$fTESTPROGRAM$fTESTPROGRAM Gold$iissue-level
=583  \\$acondition reviewed$c20160509$fTESTPROGRAM$fTESTPROGRAM Gold$iissue-level
=852  0\$aTESTINST1$bHDC$ctestprogram-trust$hSB413.E95$iE9
=866  30$80$a1(1983)-10(1996)
=868  30$80$a1(1983)-7(1991)

