=LDR  00762    a2200229 n 4500
=001  22880401100003841
=003  TestILS
=004  991001904249703841
=005  20210520081217.78
=007  ta
=008  1505010u\\\\0\\\0001ba\\\0\\\\\\\\\\\\\\
=014  1\$a32578172$bOCoLC
=022  \\$a0948-8294
=035  \\$a(OCoLC)32578172
=035  \\$a(TestILS)c13578297-01asu_inst
=245  00$aZeitschrift für Ostmitteleuropa-Forschung.
=561  \\$aTESTINST1
=583  \\$acommitted to retain$c20150501$dDecember 31, 2035$fTESTPROGRAM$fTESTPROGRAM Gold$uhttp://localhost/services/testprogram/docs/TESTPROGRAMProgramStatement.pdf
=583  \\$acompleteness reviewed$c20150501$fTESTPROGRAM$fTESTPROGRAM Gold$iissue-level
=583  \\$acondition reviewed$c20150501$fTESTPROGRAM$fTESTPROGRAM Gold$iissue-level
=852  0\$aTESTINST1$bHDC$ctestprogram-trust
=866  30$80$a44(1995)-54(2005)
=867  30$80$a48(1999)

