=LDR  00695nx  a22001931n 4500
=003  TestILS
=004  991019198839703841
=007  ta
=001  221155099440003841
=008  2104180u\\\\0\\\0000ba\\\0\\\\\\
=005  20210520081217.81
=022  \\$a0149-7901
=035  \\$a(OCoLC)3549941
=245  00$aJournal of applied management.
=583  \\$acommitted to retain$c20210418$d20351231$fTESTPROGRAM$fTESTPROGRAM Gold$uhttp://localhost/services/testprogram/docs/TESTPROGRAMProgramStatement.pdf
=583  \\$acompleteness reviewed$c20210418$fTESTPROGRAM$fTESTPROGRAM Gold$iissue level$lmissing issues$zmissing v.1(1976)-3(1978)
=583  \\$acondition reviewed$c20210418$fTESTPROGRAM$fTESTPROGRAM Gold$iissue level
=561  \\$aTESTINST1
=852  0\$aTESTINST1$bHDC$ctestprogram-trust$hHD28$i.J587
=866  30$80$a4(1979)-5(1980)

