=LDR  00793    a2200217 n 4500
=001  22870586800003841
=003  TestILS
=004  991011873299703841
=005  20210520081217.65
=007  ta
=008  1705080u\\\\0\\\0001ba\\\0\\\\\\\\\\\\\\
=014  1\$a2110962$bOCoLC
=022  \\$a0024-1539
=035  \\$a(OCoLC)2110962
=035  \\$a(TestILS)c14147683-01asu_inst
=245  00$aLevende talen.
=561  \\$aTESTINST1
=583  \\$acommitted to retain$c20170508$dDecember 31, 2035$fTESTPROGRAM$fTESTPROGRAM Gold$uhttp://localhost/services/testprogram/docs/TESTPROGRAMProgramStatement.pdf
=583  \\$acompleteness reviewed$c20170508$fTESTPROGRAM$fTESTPROGRAM Gold$iissue-level$lmissing volumes$zmissing no.1-82; no.295 through (2005)
=583  \\$acondition reviewed$c20170508$fTESTPROGRAM$fTESTPROGRAM Gold$iissue-level
=852  0\$aTESTINST1$bHDC$ctestprogram-trust
=866  30$80$ano.83(1935)-294(1973)

