=LDR  00730    a2200217 n 4500
=001  22954431770003841
=003  TestILS
=004  991011481719703841
=005  20210520081217.68
=007  ta
=008  1306070u\\\\0\\\0001ba\\\0\\\\\\\\\\\\\\
=014  1\$a1481571$bOCoLC
=022  \\$a0066-4715
=035  \\$a(OCoLC)1481571
=035  \\$a(TestILS)c13183576-01asu_inst
=245  00$aAnthropology of the North :$btranslations from Russian sources.
=561  \\$aTESTINST1
=583  \\$acommitted to retain$c20130607$dDecember 31, 2035$fTESTPROGRAM$fTESTPROGRAM Gold$uhttp://localhost/services/testprogram/docs/TESTPROGRAMProgramStatement.pdf
=583  \\$acompleteness reviewed$c20130607$fTESTPROGRAM$fTESTPROGRAM Gold$iissue-level
=583  \\$acondition reviewed$c20130607$fTESTPROGRAM$fTESTPROGRAM Gold$iissue-level
=852  0\$aTESTINST1$bHDC$ctestprogram-trust
=866  30$80$a1(1961)-9(1974)

