=LDR  00655nx  a22001931n 4500
=003  TestILS
=004  991011910789703841
=007  ta
=001  221154659850003841
=008  2104185u\\\\0\\\0000ba\\\0\\\\\\
=005  20210520081217.89
=022  \\$a0361-6118
=035  \\$a(OCoLC)2246697
=245  00$aReading abstracts.
=583  \\$acommitted to retain$c20210418$d20351231$fTESTPROGRAM$fTESTPROGRAM Gold$uhttp://localhost/services/testprogram/docs/TESTPROGRAMProgramStatement.pdf
=583  \\$acompleteness reviewed$c20210418$fTESTPROGRAM$fTESTPROGRAM Gold$iissue level
=583  \\$acondition reviewed$c20210418$fTESTPROGRAM$fTESTPROGRAM Gold$iissue level
=561  \\$aTESTINST1
=852  0\$aTESTINST1$bHDC$ctestprogram-trust$hLB1050$i.R352
=866  30$80$a1(1975)-12(1986)

