=LDR  00628    a2200205 n 4500
=001  22838460020003841
=003  TestILS
=004  991011560909703841
=005  20210520081218.05
=007  ta
=008  1306140u\\\\0\\\0001ba\\\0\\\\\\\\\\\\\\
=014  1\$a1570590$bOCoLC
=022  0\$a0016-6731$l0016-6731
=030  \\$aGENTAE
=035  \\$a(OCoLC)1570590
=035  \\$a(TestILS)c13185755-01asu_inst
=245  00$aGenetics.
=561  \\$aTESTINST1
=583  \\$acommitted to retain$c20130614$dDecember 31, 2035$fTESTPROGRAM$fTESTPROGRAM Bronze$uhttp://localhost/services/testprogram/docs/TESTPROGRAMProgramStatement.pdf
=852  0\$aTESTINST1$bHDC$ctestprogram-trust$hQH431$i.G43
=866  30$80$a1(1916)-171(2005)

