=LDR  00867nx  a22002171n 4500
=003  TestILS
=004  991011727369703841
=007  ta
=001  221126708640003841
=008  1908165u\\\\0\\\0000ba\\\0\\\\\\
=005  20210520081217.47
=022  \\$a0035-2365
=035  \\$a(OCoLC)1764127
=245  00$aRevue d'histoire diplomatique.
=583  \\$acommitted to retain$c20190823$dDecember 31, 2035$fTESTPROGRAM$fTESTPROGRAM Gold$uhttp://localhost/services/testprogram/docs/TESTPROGRAMProgramStatement.pdf
=583  \\$acompleteness reviewed$c20190823$fTESTPROGRAM$fTESTPROGRAM Gold$iissue level$lmissing issues$zv.49(1935), 54(1940)-61(1947), 67(1953), 69(1955) missing
=583  \\$acondition reviewed$c20190823$fTESTPROGRAM$fTESTPROGRAM Gold$iissue level
=561  \\$aTESTINST1
=852  0\$aTESTINST1$bHDC$ctestprogram-trust$hJX3$i.R3
=866  30$80$a1(1887)-48(1934), 50(1936)-53(1939), 62(1948)-66(1952), 68(1954), 70(1956)-129(2015)
=867  30$80$a104(1990)
=868  30$80$a1(1887)-77(1963)

