=LDR  00838ny  a22002173n 4500
=001  22853162800003841
=003  TestILS
=004  991041198859703841
=005  20210520081217.58
=007  ta
=008  1305240u\\\\0\\\0001ba\\\0\\\\\\\\\\\\\\
=014  1\$a18603907$bOCoLC
=022  0\$a1051-1431$l1051-1431$y0002-8533
=035  \\$a(OCoLC)18603907
=035  \\$a(TestILS)c13180952-01asu_inst
=245  00$aArgumentation and advocacy :$bthe journal of the American Forensic Association.
=561  \\$aTESTINST1
=561  \\$aAZU
=583  \\$acommitted to retain$c20130528$dDecember 31, 2035$fTESTPROGRAM$fTESTPROGRAM Silver$uhttp://localhost/services/testprogram/docs/TESTPROGRAMProgramStatement.pdf
=583  \\$acompleteness reviewed$c20130528$fTESTPROGRAM$fTESTPROGRAM Silver$ivolume-level$lmissing volumes$zmissing vols. 26-37$lbinding patterns vary$zv.38-39 bound together as single piece.
=852  0\$aTESTINST1$bHDC$ctestprogram-trust$hPN4171$i.A46a
=866  30$80$a25(1988/1989), 38(2001)-42(2006)

