=LDR  00784    a2200217 n 4500
=001  22952752260003841
=003  TestILS
=004  991025812189703841
=005  20210520081217.68
=007  ta
=008  1605010u\\\\0\\\0001ba\\\0\\\\\\\\\\\\\\
=014  1\$a28725754$bOCoLC
=022  \\$a1224-2268$y0041-9109$y0041-9190
=035  \\$a(OCoLC)28725754
=035  \\$a(TestILS)c1379274x-01asu_inst
=245  00$aAnalele științifice ale Universitătii "Al. I. Cuza" din Iași.$nSerie nouă.$pInformatică.
=561  \\$aTESTINST1
=583  \\$acommitted to retain$c20160501$dDecember 31, 2035$fTESTPROGRAM$fTESTPROGRAM Gold$uhttp://localhost/services/testprogram/docs/TESTPROGRAMProgramStatement.pdf
=583  \\$acompleteness reviewed$c20160501$fTESTPROGRAM$fTESTPROGRAM Gold$iissue-level$lmissing volumes$zmissing v.1-13, 15
=583  \\$acondition reviewed$c20160501$fTESTPROGRAM$fTESTPROGRAM Gold$iissue-level
=852  0\$aTESTINST1$bHDC$ctestprogram-trust
=866  30$80$a14(2004)

