=LDR  00694ny  a22002053n 4500
=001  22934037630003841
=003  TestILS
=004  991020876429703841
=005  20210520081217.86
=007  ta
=008  1605200u\\\\0\\\0001ba\\\0\\\\\\\\\\\\\\
=014  1\$a4913358$bOCoLC
=022  0\$a0191-6963
=035  \\$a(OCoLC)4913358
=035  \\$a(TestILS)c13832219-01asu_inst
=245  10$aDrawing.
=561  \\$aTESTINST1
=583  \\$acommitted to retain$c20160520$dDecember 31, 2035$fTESTPROGRAM$fTESTPROGRAM Silver$uhttp://localhost/services/testprogram/docs/TESTPROGRAMProgramStatement.pdf
=583  \\$acompleteness reviewed$c20160520$fTESTPROGRAM$fTESTPROGRAM Silver$ivolume-level$lmissing volumes$zmissing v.14:4
=852  0\$aTESTINST1$bHDC$ctestprogram-trust
=866  30$80$a1(1979)-20(1999)

