=LDR  00734ny  a22002173n 4500
=001  22838953220003841
=003  TestILS
=004  991033886759703841
=005  20210520081218.00
=007  ta
=008  1404160u\\\\0\\\0001ba\\\0\\\\\\\\\\\\\\
=014  1\$a11008462$bOCoLC
=022  0\$a0882-1127
=035  \\$a(OCoLC)11008462
=035  \\$a(TestILS)c13401142-01asu_inst
=245  00$aAmerican journalism.
=561  \\$aTESTINST1
=583  \\$acommitted to retain$c20140416$dDecember 31, 2035$fTESTPROGRAM$fTESTPROGRAM Silver$uhttp://localhost/services/testprogram/docs/TESTPROGRAMProgramStatement.pdf
=583  \\$acompleteness reviewed$c20140416$fTESTPROGRAM$fTESTPROGRAM Silver$ivolume-level$lmissing volumes$zmissing volume 1
=852  0\$aTESTINST1$bHDC$ctestprogram-trust
=866  30$80$a2(1985)-22(2005)
=868  30$80$a1(1983)-18(2001)

