=LDR  00932nx  a22001931n 4500
=003  TestILS
=004  991037682719703841
=007  ta
=001  221128308570003841
=008  1908165u\\\\0\\\0000ba\\\0\\\\\\
=005  20210520081217.54
=022  \\$a1048-9371$l1048-9371
=035  \\$a(OCoLC)4698056$z(OCoLC)5179890$z(OCoLC)5179936$z(OCoLC)10707962$z(OCoLC)10720496$z(OCoLC)11355829
=245  00$aRequirements for certification for elementary schools, secondary schools, junior colleges.
=583  \\$acommitted to retain$c20190923$dDecember 31, 2035$fTESTPROGRAM$fTESTPROGRAM Gold$uhttp://localhost/services/testprogram/docs/TESTPROGRAMProgramStatement.pdf
=583  \\$acompleteness reviewed$c20190923$fTESTPROGRAM$fTESTPROGRAM Gold$iissue level$lmissing issues$zmissing 35(1970/71), 39(1974/75), 51(1986/87)
=583  \\$acondition reviewed$c20190923$fTESTPROGRAM$fTESTPROGRAM Gold$iissue level$lmarginalia$zno.32(1967-68)
=561  \\$aTESTINST1
=852  0\$aTESTINST1$bHDC$ctestprogram-trust$hLB1771$i.R4
=866  30$80$ano.32(1967/68)-34(1969/70), 36(1971/72)-38(1973/74), 40(1975/76)-50(1985/86), 52(1987/88)-53(1988/89)

