=LDR  00623nx  a22001691n 4500
=003  TestILS
=004  991011676799703841
=007  ta
=001  221064210430003841
=008  1805040u\\\\0\\\0000ba\\\0\\\\\\
=005  20210520081218.12
=035  \\$a(OCoLC)1753288
=245  10$aInstitutions.
=583  \\$acommitted to retain$c20180504$dDecember 31, 2035$fTESTPROGRAM$fTESTPROGRAM Silver$uhttp://localhost/services/testprogram/docs/TESTPROGRAMProgramStatement.pdf
=583  \\$acompleteness reviewed$c20180504$fTESTPROGRAM$fTESTPROGRAM Silver$ivolume level$lmissing volumes$zmissing v.63:2-6, v.64:1-2, v.66:4-6
=561  \\$aTESTINST1
=852  0\$aTESTINST1$bHDC$ctestprogram-trust$hTX901$i.I52x
=866  30$80$a32(1953)-67(1970)

