=LDR  00601nx  a22001691n 4500
=003  TestILS
=004  991011651479703841
=007  ta
=001  221065848200003841
=008  1805040u\\\\0\\\0000ba\\\0\\\\\\
=005  20210520081217.61
=035  \\$a(OCoLC)1713996
=245  00$aOne man's opinion :$ban informal review.
=583  \\$acommitted to retain$c20180504$dDecember 31, 2035$fTESTPROGRAM$fTESTPROGRAM Silver$uhttp://localhost/services/testprogram/docs/TESTPROGRAMProgramStatement.pdf
=583  \\$acompleteness reviewed$c20180504$fTESTPROGRAM$fTESTPROGRAM Silver$ivolume level$lmissing volumes$zmissing v.1; v.2:2-6,8-10
=561  \\$aTESTINST1
=852  0\$aTESTINST1$bHDC$ctestprogram-trust$hAP2 .O473
=866  30$80$a2:7(1957)

