=LDR  00581ny  a22001933n 4500
=001  22879413900003841
=003  TestILS
=004  991011595769703841
=005  20210520081217.80
=007  ta
=008  1205010u\\\\0\\\0001ba\\\0\\\\\\\\\\\\\\
=014  1\$a1606995$bOCoLC
=022  \\$a0034-6667
=035  \\$a(OCoLC)1606995
=035  \\$a(TestILS)c12689063-01asu_inst
=245  00$aReview of palaeobotany and palynology.
=561  \\$aTESTINST1
=583  \\$acommitted to retain$c20120501$dDecember 31, 2035$fTESTPROGRAM$fTESTPROGRAM Bronze$uhttp://localhost/services/testprogram/docs/TESTPROGRAMProgramStatement.pdf
=852  0\$aTESTINST1$bHDC$ctestprogram-trust
=866  30$80$a1(1967)-122(2002)

