=LDR  00594    a2200193 n 4500
=001  22953932960003841
=003  TestILS
=004  991020824659703841
=005  20210520081217.84
=007  ta
=008  1505290u\\\\0\\\0001ba\\\0\\\\\\\\\\\\\\
=014  1\$a4392786$bOCoLC
=022  0\$a0163-4372
=035  \\$a(OCoLC)4392786
=035  \\$a(TestILS)c13606608-01asu_inst
=245  00$aJournal of gerontological social work.
=561  \\$aTESTINST1
=583  \\$acommitted to retain$c20130614$dDecember 31, 2035$fTESTPROGRAM$fTESTPROGRAM Bronze$uhttp://localhost/services/testprogram/docs/TESTPROGRAMProgramStatement.pdf
=852  0\$aTESTINST1$bHDC$ctestprogram-trust$hHV1451$i.J68
=866  30$80$a1(1978)-46(2005)

