=LDR  00700nx  a22001931n 4500
=003  TestILS
=004  991041211749703841
=007  ta
=001  221067404540003841
=008  1805165u\\\\0\\\0000ba\\\0\\\\\\
=005  20210520081217.59
=022  \\$a1043-8262
=035  \\$a(OCoLC)19566053
=245  00$aQuantity and quality in economic research.
=583  \\$acommitted to retain$c20180523$dDecember 31, 2035$fTESTPROGRAM$fTESTPROGRAM Gold$uhttp://localhost/services/testprogram/docs/TESTPROGRAMProgramStatement.pdf
=583  \\$acompleteness reviewed$c20180523$fTESTPROGRAM$fTESTPROGRAM Gold$iissue level$lmissing volumes$zmissing v.3
=583  \\$acondition reviewed$c20180523$fTESTPROGRAM$fTESTPROGRAM Gold$iissue level
=561  \\$aTESTINST1
=852  0\$aTESTINST1$bHDC$ctestprogram-trust$hHB135 .Q39
=866  30$80$a1(1985)-2(1988), 4(1997)

