=LDR  00747ny  a22002053n 4500
=001  22928046310003841
=003  TestILS
=004  991017188859703841
=005  20210520081218.19
=007  ta
=008  1410300u\\\\0\\\0001ba\\\0\\\\\\\\\\\\\\
=014  1\$a3807640$bOCoLC
=022  \\$a0013-4031
=035  \\$a(OCoLC)3807640
=035  \\$a(TestILS)c13551206-01asu_inst
=245  04$aThe El Paso economic review.
=561  \\$aUBY
=583  \\$acommitted to retain$c20141030$dDecember 31, 2035$fTESTPROGRAM$fTESTPROGRAM Silver$uhttp://localhost/services/testprogram/docs/TESTPROGRAMProgramStatement.pdf
=583  \\$acompleteness reviewed$c20141030$fTESTPROGRAM$fTESTPROGRAM Silver$ivolume-level$lmissing volumes$zmissing vols. 1-4; vol. 5 issues 2,4-6,8,10-12
=852  0\$aTESTINST1$bHDC$ctestprogram-trust$hHC108.E4$iE45
=866  30$80$a5(1968)-14, no.2(1977)

