=LDR  01734nx  a22001811n 4500
=003  TestILS
=004  991020853699703841
=007  ta
=001  221099607810003841
=008  1902060u\\\\0\\\0000ba\\\0\\\\\\
=005  20210520081217.85
=022  \\$a0007-3423
=035  \\$a(OCoLC)4677701
=245  00$aBuilding design.
=583  \\$acommitted to retain$c20190206$dDecember 31, 2035$fTESTPROGRAM$fTESTPROGRAM Silver$uhttp://localhost/services/testprogram/docs/TESTPROGRAMProgramStatement.pdf
=583  \\$acompleteness reviewed$c20190206$fTESTPROGRAM$fTESTPROGRAM Silver$ivolume level$lmissing volumes$zmissing no. 995(1990), 1005(1990), 1009(1990), 1082(1992), 1087(1992), 1089-1091(1992), 1101-1103(1992),1106(1993), 1110(1993), 1114(1993), 1118-1123(1993),1125-1126(1993), 1129-1131(1993),1136-1137(1993),1142(1993)-1145(1993), 1166(1994)-1218(1995), 1283(1996), 1351(1998), 1379(1999)-1380(1999), 1434(2000)-1455(2001), 1470(2001)-1515(2002), 1517(2002)-1560(2002), 1569(2003), 1613(2004), 1814(2008), 1918(2010), 1950(2011), 2031(2012), 2039(2012), 2042(2012)
=561  \\$aTESTINST1
=852  0\$aTESTINST1$bHDC$ctestprogram-trust$hTH1$i.B815x
=866  30$80$ano.956(1989)-994(1990), 996(1990)-1004(1990), 1006(1990)-1008(1990), 1010(1990)-1081(1992), 1083(1992)-1086(1992), 1088(1992), 1092(1992)-1100(1992), 1104(1992)-1105(1992), 1107(1993)-1109(1993), 1111(1993)-1113(1993), 1115(1993)-1117(1993), 1124(1993), 1127(1993)-1128(1993), 1132(1993)-1135(1993), 1138(1993)-1141(1993), 1146(1993)-1165(1994), 1219(1995)-1282(1996), 1284(1996)-1350(1998), 1352(1998)-1378(1999), 1381(1999)-1433(2000), 1456(2001)-1469(2001), 1516(2002), 1561(2002)-1568(2003), 1570(2003)-1612(2004), 1614(2004)-1813(2008), 1815(2008)-1917(2010), 1919(2010)-1949(2011), 1951(2011)-2030(2012), 2032(2012)-2038(2012), 2040(2012)-2041(2012), 2043(2012)-2099(2014)

