=LDR  00707nx  a22001931n 4500
=003  TestILS
=004  991017808679703841
=007  ta
=001  221154659820003841
=008  2105125u\\\\0\\\0000ba\\\0\\\\\\
=005  20210520081217.63
=022  \\$a1936-5942
=035  \\$a(OCoLC)132806714
=245  00$aJewelry artist.
=583  \\$acommitted to retain$c20210513$d20351231$fTESTPROGRAM$fTESTPROGRAM Gold$uhttp://localhost/services/testprogram/docs/TESTPROGRAMProgramStatement.pdf
=583  \\$acompleteness reviewed$c20210513$fTESTPROGRAM$fTESTPROGRAM Gold$iissue level$lmissing issues$zmissing v.67:7(2013)
=583  \\$acondition reviewed$c20210513$fTESTPROGRAM$fTESTPROGRAM Gold$iissue level
=561  \\$aTESTINST1
=852  0\$aTESTINST1$bHDC$ctestprogram-trust$hNK7300$i.L36
=866  30$80$a61, no.3(2007)-69, no.7(2015)

