=LDR  00661nx  a22001931n 4500
=003  TestILS
=004  991022855839703841
=007  ta
=001  221148329920003841
=008  2006305u\\\\0\\\0000ba\\\0\\\\\\
=005  20210520081218.14
=022  \\$a0193-7472
=035  \\$a(OCoLC)5250248
=245  00$aBuilder architect contractor engineer.
=583  \\$acommitted to retain$c20200630$dDecember 31, 2035$fTESTPROGRAM$fTESTPROGRAM Gold$uhttp://localhost/services/testprogram/docs/TESTPROGRAMProgramStatement.pdf
=583  \\$acompleteness reviewed$c20200630$fTESTPROGRAM$fTESTPROGRAM Gold$iissue level
=583  \\$acondition reviewed$c20200630$fTESTPROGRAM$fTESTPROGRAM Gold$iissue level
=561  \\$aTESTINST1
=852  0\$aTESTINST1$bHDC$ctestprogram-trust$hTH1$l.B7x
=866  30$80$a37(1975)-45(1983)

