=LDR  00556nx  a22001691n 4500
=003  TestILS
=004  991028918599703841
=007  ta
=001  221048189770003841
=008  1712180u\\\\0\\\0000ba\\\0\\\\\\
=005  20210520081218.20
=035  \\$a(OCoLC)8530679
=245  04$aThe International miscellany of literature, art, and science.
=583  \\$acommitted to retain$c20171218$dDecember 31, 2035$fTESTPROGRAM$fTESTPROGRAM Silver$uhttp://localhost/services/testprogram/docs/TESTPROGRAMProgramStatement.pdf
=583  \\$acompleteness reviewed$c20171218$fTESTPROGRAM$fTESTPROGRAM Silver$ivolume level
=561  \\$aTESTINST1
=852  0\$aTESTINST1$bHDC$ctestprogram-trust$hAP 2 .I735
=866  30$80$a1(1850)

