=LDR  00709nx  a22002051n 4500
=003  TestILS
=004  991011533959703841
=007  ta
=001  221067281030003841
=008  1805140u\\\\0\\\0000ba\\\0\\\\\\
=005  20210520081217.94
=022  \\$a0011-1422
=035  \\$a(OCoLC)1565450
=245  00$aCrisis.
=583  \\$acommitted to retain$c20180514$dDecember 31, 2035$fTESTPROGRAM$fTESTPROGRAM Silver$uhttp://localhost/services/testprogram/docs/TESTPROGRAMProgramStatement.pdf
=583  \\$acompleteness reviewed$c20180514$fTESTPROGRAM$fTESTPROGRAM Silver$ivolume level$lmissing volumes$zmissing v.54-55
=561  \\$aTESTINST1
=561  \\$aORE
=852  0\$aTESTINST1$bHDC$ctestprogram-trust$hE185.5 .C92
=866  30$80$a1(1910)-53(1946), 56(1949)-103, no.2(1996)
=867  30$80$a79(1972)-82(1975)

