=LDR  00769nx  a22001931n 4500
=003  TestILS
=004  991011857979703841
=007  ta
=001  221045985060003841
=008  1711150u\\\\0\\\0000ba\\\0\\\\\\
=005  20210520081217.38
=022  \\$a0362-0220
=035  \\$a(OCoLC)2014892
=245  00$aFodor's South America.
=583  \\$acommitted to retain$c20171115$dDecember 31, 2035$fTESTPROGRAM$fTESTPROGRAM Gold$uhttp://localhost/services/testprogram/docs/TESTPROGRAMProgramStatement.pdf
=583  \\$acompleteness reviewed$c20171115$fTESTPROGRAM$fTESTPROGRAM Gold$iissue level$lmissing volumes$z1977, 1980, 1998-1999, 2001, 2003-2004
=583  \\$acondition reviewed$c20171115$fTESTPROGRAM$fTESTPROGRAM Gold$iissue level
=561  \\$aTESTINST1
=852  0\$aTESTINST1$bHDC$ctestprogram-trust$hF2211$i.F6
=866  30$80$a(1972)-(1976), (1978)-(1979), (1981)-(1997), (2000), (2002), (2005)

