=LDR  00697nx  a22001931n 4500
=003  TestILS
=004  991011458289703841
=007  ta
=001  221162160440003841
=008  2103090u\\\\0\\\0000ba\\\0\\\\\\
=005  20210520081217.71
=022  \\$a0065-2830
=035  \\$a(OCoLC)1461209
=245  00$aAdvances in librarianship.
=583  \\$acommitted to retain$c20210309$d20351231$fTESTPROGRAM$fTESTPROGRAM Gold$uhttp://localhost/services/testprogram/docs/TESTPROGRAMProgramStatement.pdf
=583  \\$acompleteness reviewed$c20210309$fTESTPROGRAM$fTESTPROGRAM Gold$iissue level$lmissing issues$zmissing v.32(2010) and after
=583  \\$acondition reviewed$c20210309$fTESTPROGRAM$fTESTPROGRAM Gold$iissue level
=561  \\$aTESTINST1
=852  0\$aTESTINST1$bHDC$ctestprogram-trust$hZ674$i.A4
=866  30$80$a1(1970)-31(2008)

