=LDR  00955ny  a22002533n 4500
=001  22904349470003841
=003  TestILS
=004  991011629709703841
=005  20210520081217.91
=007  ta
=008  1206010u\\\\0\\\0001ba\\\0\\\\\\\\\\\\\\
=014  1\$a1644869$bOCoLC
=022  0\$a0036-8075$l0036-8075$y003-8076
=030  \\$aSCIEAS
=035  \\$a(OCoLC)1644869
=035  \\$a(TestILS)c12791167-01asu_inst
=245  10$aScience.
=561  \\$aTESTINST1
=561  \\$aUBY
=561  \\$aGH0
=561  \\$aIYU
=583  \\$acommitted to retain$c20120601$dDecember 31, 2035$fTESTPROGRAM$fTESTPROGRAM Silver$uhttp://localhost/services/testprogram/docs/TESTPROGRAMProgramStatement.pdf
=583  \\$acompleteness reviewed$c20120601$fTESTPROGRAM$fTESTPROGRAM Silver$ivolume-level$lmissing volumes$zmissing vol. 1(1880)-3(1882); [n.s.]1(1883)-4(1884), 11(1888), 21(1893)-23(1894); [Ser.2]3-4
=852  0\$aTESTINST1$bHDC$ctestprogram-trust$hQ1$i.S35
=866  30$80$a[n.s.]5(1885)-10(1887), 12(1888)-20(1892); [Ser.2] 1(1895)-2(1895), 5(1897)-310(2005)

