=LDR  00711nx  a22002051n 4500
=003  TestILS
=004  991048194396003841
=007  ta
=001  221104614640003841
=008  1903260u\\\\0\\\0000ba\\\0\\\\\\
=005  20210520081217.40
=022  \\$a0891-6616
=035  \\$a(OCoLC)14944601
=245  10$aInternational gymnast.
=583  \\$acommitted to retain$c20190326$dDecember 31, 2035$fTESTPROGRAM$fTESTPROGRAM Silver$uhttp://localhost/services/testprogram/docs/TESTPROGRAMProgramStatement.pdf
=583  \\$acompleteness reviewed$c20190326$fTESTPROGRAM$fTESTPROGRAM Silver$ivolume level$lmissing volumes$zmissing v.28:12(1986), v.42:12(2000), v.51(2009)-57(2015)
=561  \\$aTESTINST1
=561  \\$aUUS
=561  \\$aNTD
=852  0\$aTESTINST1$bHDC$ctestprogram-trust$hGV461$i.I58x
=866  30$80$a29(1987)-50(2008)

