=LDR  00710nx  a22001931n 4500
=003  TestILS
=004  991044035189703841
=007  ta
=001  221153795080003841
=008  2103315u\\\\0\\\0000ba\\\0\\\\\\
=005  20210520081217.51
=022  \\$a1441-9319
=035  \\$a(OCoLC)41089484
=245  10$aChange :$btransformations in education.
=583  \\$acommitted to retain$c20210331$d20351231$fTESTPROGRAM$fTESTPROGRAM Gold$uhttp://localhost/services/testprogram/docs/TESTPROGRAMProgramStatement.pdf
=583  \\$acompleteness reviewed$c20210331$fTESTPROGRAM$fTESTPROGRAM Gold$iissue level$lmissing issues$zmissing v.3:1(2000), v.5(2002)-v.8(2006)
=583  \\$acondition reviewed$c20210331$fTESTPROGRAM$fTESTPROGRAM Gold$iissue level
=561  \\$aTESTINST1
=852  0\$aTESTINST1$bHDC$ctestprogram-trust$hL91$i.F62x
=866  30$80$a1(1998)-4(2001)

