=LDR  00656nx  a22001931n 4500
=003  TestILS
=004  991027118289703841
=007  ta
=001  221128982600003841
=008  1908165u\\\\0\\\0000ba\\\0\\\\\\
=005  20210520081217.68
=022  \\$a0735-4673
=035  \\$a(OCoLC)7063610
=245  00$aArt directors annual of the Art Directors Club of New York.
=583  \\$acommitted to retain$c20190923$dDecember 31, 2035$fTESTPROGRAM$fTESTPROGRAM Gold$uhttp://localhost/services/testprogram/docs/TESTPROGRAMProgramStatement.pdf
=583  \\$acompleteness reviewed$c20190923$fTESTPROGRAM$fTESTPROGRAM Gold$iissue level
=583  \\$acondition reviewed$c20190923$fTESTPROGRAM$fTESTPROGRAM Gold$iissue level
=561  \\$aTESTINST1
=852  0\$aTESTINST1$bHDC$ctestprogram-trust$hNC997.A1$iA69
=866  30$80$a59(1980)

