=LDR  00744    a2200217 n 4500
=001  22838611830003841
=003  TestILS
=004  991011559919703841
=005  20210520081218.05
=007  ta
=008  1705010u\\\\0\\\0001ba\\\0\\\\\\\\\\\\\\
=014  1\$a1570311$bOCoLC
=022  \\$a1020-4601
=035  \\$a(OCoLC)1570311
=035  \\$a(TestILS)c14123162-01asu_inst
=245  04$aThe Fund and Bank review :$bfinance and development.
=561  \\$aTESTINST1
=583  \\$acommitted to retain$c20170501$dDecember 31, 2035$fTESTPROGRAM$fTESTPROGRAM Gold$uhttp://localhost/services/testprogram/docs/TESTPROGRAMProgramStatement.pdf
=583  \\$acompleteness reviewed$c20170501$fTESTPROGRAM$fTESTPROGRAM Gold$iissue-level
=583  \\$acondition reviewed$c20170501$fTESTPROGRAM$fTESTPROGRAM Gold$iissue-level
=852  0\$aTESTINST1$bHDC$ctestprogram-trust$hHG3881$i.F85
=866  30$80$a1(1964)-4(1967)

