=LDR  00730nx  a22001931n 4500
=003  TestILS
=004  991020862929703841
=007  ta
=001  221129620310003841
=008  1910315u\\\\0\\\0000ba\\\0\\\\\\
=005  20210520081217.85
=022  \\$a0190-745X$l0190-745X$y0007-4780
=035  \\$a(OCoLC)4752631
=245  10$aBulletin of bibliography.
=583  \\$acommitted to retain$c20191031$dDecember 31, 2035$fTESTPROGRAM$fTESTPROGRAM Gold$uhttp://localhost/services/testprogram/docs/TESTPROGRAMProgramStatement.pdf
=583  \\$acompleteness reviewed$c20191031$fTESTPROGRAM$fTESTPROGRAM Gold$iissue level$lmissing issues$zmissing v.36(1979)-47(1990)
=583  \\$acondition reviewed$c20191031$fTESTPROGRAM$fTESTPROGRAM Gold$iissue level
=561  \\$aTESTINST1
=852  0\$aTESTINST1$bHDC$ctestprogram-trust$hZ1007$i.B94
=866  30$80$a48(1991)-59(2002)

