=LDR  00997    a2200253 n 4500
=001  22838941730003841
=003  TestILS
=004  991011561829703841
=005  20210520081218.05
=007  ta
=008  1505190u\\\\0\\\0001ba\\\0\\\\\\\\\\\\\\
=014  1\$a1570674$bOCoLC
=022  \\$a0016-7460
=035  \\$a(OCoLC)1570674
=035  \\$a(TestILS)c13604466-01asu_inst
=245  00$aGeographische Rundschau.
=561  \\$aTESTINST1
=561  \\$aCUZ
=583  \\$acommitted to retain$c20150519$dDecember 31, 2035$fTESTPROGRAM$fTESTPROGRAM Gold$uhttp://localhost/services/testprogram/docs/TESTPROGRAMProgramStatement.pdf
=583  \\$acompleteness reviewed$c20150519$fTESTPROGRAM$fTESTPROGRAM Gold$iissue-level$lmissing volumes$zmissing vols. 1-17
=583  \\$acondition reviewed$c20150519$fTESTPROGRAM$fTESTPROGRAM Gold$iissue-level$lmissing text$zvol. 24-25 binidng drill holes obscure some text
=852  0\$aTESTINST1$bHDC$ctestprogram-trust$hG1$i.G367
=866  30$80$a18(1966)-57(2005)
=867  30$80$a21(1969)-23(1971), 29(1977), 40(1988), 47(1995), 54(2002)
=868  30$80$a16(1964)-20(1968), 33(1981)-37(1985)

