=LDR  00750nx  a22001931n 4500
=003  TestILS
=004  991011831079703841
=007  ta
=001  221155039950003841
=008  2103185u\\\\0\\\0000ba\\\0\\\\\\
=005  20210520081217.75
=022  \\$a0378-8911
=035  \\$a(OCoLC)1797593
=245  00$aAsian culture quarterly.
=583  \\$acommitted to retain$c20210318$d20351231$fTESTPROGRAM$fTESTPROGRAM Gold$uhttp://localhost/services/testprogram/docs/TESTPROGRAMProgramStatement.pdf
=583  \\$acompleteness reviewed$c20210318$fTESTPROGRAM$fTESTPROGRAM Gold$iissue level$lmissing issues$zmissing v.1:3-4(1973), v.17(1989), 18:1-2(1990), 24:2(1996)
=583  \\$acondition reviewed$c20210318$fTESTPROGRAM$fTESTPROGRAM Gold$iissue level
=561  \\$aTESTINST1
=852  0\$aTESTINST1$bHDC$ctestprogram-trust$hDS1$i.A47343
=866  30$80$a1(1973)-16(1988), 18(1990)-29(2001)

