=LDR  00738ny  a22002293n 4500
=001  22938651420003841
=003  TestILS
=004  991011455989703841
=005  20210520081217.71
=007  ta
=008  1206150u\\\\0\\\0001ba\\\0\\\\\\\\\\\\\\
=014  1\$a1461102$bOCoLC
=022  0\$a0001-8392$l0001-8392$y0001-8382
=030  \\$aASCQAG
=035  \\$a(OCoLC)1461102
=035  \\$a(TestILS)c12793589-01asu_inst
=245  00$aAdministrative science quarterly.
=561  \\$aTESTINST1
=561  \\$aUPP
=583  \\$acommitted to retain$c20120615$dDecember 31, 2035$fTESTPROGRAM$fTESTPROGRAM Silver$uhttp://localhost/services/testprogram/docs/TESTPROGRAMProgramStatement.pdf
=583  \\$acompleteness reviewed$c20120615$fTESTPROGRAM$fTESTPROGRAM Silver$ivolume-level
=852  0\$aTESTINST1$bHDC$ctestprogram-trust$hHD28$i.A25
=866  30$80$a1(1956)-50(2005)

