=LDR  00645nx  a22001811n 4500
=003  TestILS
=004  991003326309703841
=007  ta
=001  221102541930003841
=008  1903025u\\\\0\\\0000ba\\\0\\\\\\
=005  20210520081218.09
=035  \\$a(OCoLC)255591341
=245  14$aThe ... national directory of college athletics.
=583  \\$acommitted to retain$c20190302$dDecember 31, 2035$fTESTPROGRAM$fTESTPROGRAM Gold$uhttp://localhost/services/testprogram/docs/TESTPROGRAMProgramStatement.pdf
=583  \\$acompleteness reviewed$c20190302$fTESTPROGRAM$fTESTPROGRAM Gold$iissue level
=583  \\$acondition reviewed$c20190302$fTESTPROGRAM$fTESTPROGRAM Gold$iissue level
=561  \\$aTESTINST1
=852  0\$aTESTINST1$bHDC$ctestprogram-trust$hGV351$i.N39
=866  30$80$a(2012/2013)-(2015/2016)

