=LDR  00659nx  a22001931n 4500
=003  TestILS
=004  991016543169703841
=007  ta
=001  221048431600003841
=008  1801025u\\\\0\\\0000ba\\\0\\\\\\
=005  20210520081218.18
=022  \\$a0250-6157
=035  \\$a(OCoLC)3278351
=245  10$aFinanciamiento del desarrollo =$bDevelopment financing.
=583  \\$acommitted to retain$c20170102$dDecember 31, 2035$fTESTPROGRAM$fTESTPROGRAM Gold$uhttp://localhost/services/testprogram/docs/TESTPROGRAMProgramStatement.pdf
=583  \\$acompleteness reviewed$c20170102$fTESTPROGRAM$fTESTPROGRAM Gold$iissue level
=583  \\$acondition reviewed$c20170102$fTESTPROGRAM$fTESTPROGRAM Gold$iissue level
=561  \\$aTESTINST1
=852  0\$aTESTINST1$bHDC$ctestprogram-trust$hHJ799.53$i.O73a
=866  30$80$a1:1(1976)

