=LDR  00633nx  a22001811n 4500
=003  TestILS
=004  991035479989703841
=007  ta
=001  221114788600003841
=008  1908140u\\\\0\\\0000ba\\\0\\\\\\
=005  20210520081218.02
=022  \\$a0885-0445
=035  \\$a(OCoLC)11905359
=245  04$aThe EDP auditor journal.
=583  \\$acommitted to retain$c20190814$dDecember 31, 2035$fTESTPROGRAM$fTESTPROGRAM Silver$uhttp://localhost/services/testprogram/docs/TESTPROGRAMProgramStatement.pdf
=583  \\$acompleteness reviewed$c20190814$fTESTPROGRAM$fTESTPROGRAM Silver$ivolume level$lmissing volumes$zmissing 1990:1, 1991:2
=561  \\$aTESTINST1
=852  0\$aTESTINST1$bHDC$ctestprogram-trust$hHF5667$i.E25x
=866  30$80$a(1984)-(1993)

