=LDR  00662ny  a22002053n 4500
=001  22904736660003841
=003  TestILS
=004  991045101689703841
=005  20210520081218.06
=007  ta
=008  1404160u\\\\0\\\0001ba\\\0\\\\\\\\\\\\\\
=014  1\$a36957668$bOCoLC
=022  0\$a1094-0596
=035  \\$a(OCoLC)36957668
=035  \\$a(TestILS)c13382391-01asu_inst
=245  00$aIllinois heritage.
=561  \\$aTESTINST1
=583  \\$acommitted to retain$c20140416$dDecember 31, 2035$fTESTPROGRAM$fTESTPROGRAM Silver$uhttp://localhost/services/testprogram/docs/TESTPROGRAMProgramStatement.pdf
=583  \\$acompleteness reviewed$c20140416$fTESTPROGRAM$fTESTPROGRAM Silver$ivolume-level
=852  0\$aTESTINST1$bHDC$ctestprogram-trust
=866  30$80$a1(1997)-8(2005)

