=LDR  00778    a2200229 n 4500
=001  22939644990003841
=003  TestILS
=004  991016553759703841
=005  20210520081218.18
=007  ta
=008  1704030u\\\\0\\\0001ba\\\0\\\\\\\\\\\\\\
=014  1\$a3417793$bOCoLC
=022  0\$a0470-0155
=030  \\$aNEPPAL
=035  \\$a(OCoLC)3417793
=035  \\$a(TestILS)c14100484-01asu_inst
=245  10$aProceedings of the technical program.
=561  \\$aTESTINST1
=583  \\$acommitted to retain$c20170403$dDecember 31, 2035$fTESTPROGRAM$fTESTPROGRAM Gold$uhttp://localhost/services/testprogram/docs/TESTPROGRAMProgramStatement.pdf
=583  \\$acompleteness reviewed$c20170403$fTESTPROGRAM$fTESTPROGRAM Gold$iissue-level$lmissing volumes$zmissing 1963-1980
=583  \\$acondition reviewed$c20170403$fTESTPROGRAM$fTESTPROGRAM Gold$iissue-level
=852  0\$aTESTINST1$bHDC$ctestprogram-trust
=866  30$80$a1981

