=LDR  00594nx  a22001811n 4500
=003  TestILS
=004  991024224239703841
=007  ta
=001  221117229480003841
=008  1905310u\\\\0\\\0000ba\\\0\\\\\\
=005  20210520081217.42
=022  \\$a1044-9280
=035  \\$a(OCoLC)16645159
=245  00$aEuropean markets /$cby Washington Researchers.
=583  \\$acommitted to retain$c20190531$dDecember 31, 2035$fTESTPROGRAM$fTESTPROGRAM Silver$uhttp://localhost/services/testprogram/docs/TESTPROGRAMProgramStatement.pdf
=583  \\$acompleteness reviewed$c20190531$fTESTPROGRAM$fTESTPROGRAM Silver$ivolume level
=561  \\$aTESTINST1
=852  0\$aTESTINST1$bHDC$ctestprogram-trust$hHF3493$i.E825
=866  30$80$a1(1983)-3(1990)

