=LDR  00749ny  a22002173n 4500
=001  22823151020003841
=003  TestILS
=004  991022622829703841
=005  20210520081217.37
=007  ta
=008  1404130u\\\\0\\\0001ba\\\0\\\\\\\\\\\\\\
=014  1\$a34197608$bOCoLC
=022  0\$a1087-7789
=030  \\$aJPAEFJ
=035  \\$a(OCoLC)34197608
=035  \\$a(TestILS)c13381660-01asu_inst
=245  00$aJournal of public administration education :$bJ-PAE.
=561  \\$aTESTINST1
=583  \\$acommitted to retain$c20140413$dDecember 31, 2035$fTESTPROGRAM$fTESTPROGRAM Silver$uhttp://localhost/services/testprogram/docs/TESTPROGRAMProgramStatement.pdf
=583  \\$acompleteness reviewed$c20140413$fTESTPROGRAM$fTESTPROGRAM Silver$ivolume-level$lbinding patterns vary$zvol. 1-2 bound together as single piece
=852  0\$aTESTINST1$bHDC$ctestprogram-trust
=866  30$80$a1(1995)-3(1997)

