=LDR  00680nx  a22001811n 4500
=003  TestILS
=004  991040077149703841
=007  ta
=001  221130088640003841
=008  1910315u\\\\0\\\0000ba\\\0\\\\\\
=005  20210520081217.55
=035  \\$a(OCoLC)15737599
=245  00$aSwift studies :$bthe annual of the Ehrenpreis Center.
=583  \\$acommitted to retain$c20191031$dDecember 31, 2035$fTESTPROGRAM$fTESTPROGRAM Gold$uhttp://localhost/services/testprogram/docs/TESTPROGRAMProgramStatement.pdf
=583  \\$acompleteness reviewed$c20191031$fTESTPROGRAM$fTESTPROGRAM Gold$iissue level$lmissing issues$zmissing 2013
=583  \\$acondition reviewed$c20191031$fTESTPROGRAM$fTESTPROGRAM Gold$iissue level
=561  \\$aTESTINST1
=852  0\$aTESTINST1$bHDC$ctestprogram-trust$hPR3726$i.A17
=866  30$80$a(1986)-(2012), (2014)-(2015)

