=LDR  00683ny  a22002053n 4500
=001  22873810690003841
=003  TestILS
=004  991007544159703841
=005  20210520081217.49
=007  ta
=008  1206260u\\\\0\\\0001ba\\\0\\\\\\\\\\\\\\
=014  1\$a26606303$bOCoLC
=022  \\$a0962-8444
=035  \\$a(OCoLC)26606303
=035  \\$a(TestILS)c12806808-01asu_inst
=245  00$aProceedings.$pMathematical and physical sciences /$cthe Royal Society.
=561  \\$aTESTINST1
=583  \\$acommitted to retain$c20120626$dDecember 31, 2035$fTESTPROGRAM$fTESTPROGRAM Silver$uhttp://localhost/services/testprogram/docs/TESTPROGRAMProgramStatement.pdf
=583  \\$acompleteness reviewed$c20120626$fTESTPROGRAM$fTESTPROGRAM Silver$ivolume-level
=852  0\$aTESTINST1$bHDC$ctestprogram-trust$hQ41$i.L7 Ser. A
=866  30$80$a430(1990)-451(1995)

