=LDR  00727ny  a22002053n 4500
=001  22857119520003841
=003  TestILS
=004  991032302979703841
=005  20210520081218.03
=007  ta
=008  1605010u\\\\0\\\0001ba\\\0\\\\\\\\\\\\\\
=014  1\$a10023894$bOCoLC
=022  \\$a0287-2420
=035  \\$a(OCoLC)10023894
=035  \\$a(TestILS)c13792829-01asu_inst
=245  00$aJALT journal /$cJapan Association of Language Teachers.
=561  \\$aTESTINST1
=583  \\$acommitted to retain$c20160501$dDecember 31, 2035$fTESTPROGRAM$fTESTPROGRAM Silver$uhttp://localhost/services/testprogram/docs/TESTPROGRAMProgramStatement.pdf
=583  \\$acompleteness reviewed$c20160501$fTESTPROGRAM$fTESTPROGRAM Silver$ivolume-level$lmissing volumes$zmissing v.1-5$lmissing issues$zmissing v.12:1
=852  0\$aTESTINST1$bHDC$ctestprogram-trust
=866  30$80$a6(1984)-12(1990)

