=LDR  00746    a2200217 n 4500
=001  22937613640003841
=003  TestILS
=004  991011458469703841
=005  20210520081217.67
=007  ta
=008  1605010u\\\\0\\\0001ba\\\0\\\\\\\\\\\\\\
=014  1\$a1461217$bOCoLC
=022  0\$a0065-2903
=035  \\$a(OCoLC)1461217
=035  \\$a(TestILS)c13792295-01asu_inst
=245  00$aAdvances in metabolic disorders.
=561  \\$aTESTINST1
=583  \\$acommitted to retain$c20160501$dDecember 31, 2035$fTESTPROGRAM$fTESTPROGRAM Gold$uhttp://localhost/services/testprogram/docs/TESTPROGRAMProgramStatement.pdf
=583  \\$acompleteness reviewed$c20160501$fTESTPROGRAM$fTESTPROGRAM Gold$iissue-level
=583  \\$acondition reviewed$c20160501$fTESTPROGRAM$fTESTPROGRAM Gold$iissue-level
=852  0\$aTESTINST1$bHDC$ctestprogram-trust$hRC620.A1$iA35
=866  30$80$a1(1964)-11(1988)

