=LDR  00731    a2200217 n 4500
=001  22882833680003841
=003  TestILS
=004  991022849899703841
=005  20210520081218.13
=007  ta
=008  1605090u\\\\0\\\0001ba\\\0\\\\\\\\\\\\\\
=014  1\$a5173473$bOCoLC
=022  0\$a0193-3434
=035  \\$a(OCoLC)5173473
=035  \\$a(TestILS)c13793755-01asu_inst
=245  00$aSpeech and language.
=561  \\$aTESTINST1
=583  \\$acommitted to retain$c20160509$dDecember 31, 2035$fTESTPROGRAM$fTESTPROGRAM Gold$uhttp://localhost/services/testprogram/docs/TESTPROGRAMProgramStatement.pdf
=583  \\$acompleteness reviewed$c20160509$fTESTPROGRAM$fTESTPROGRAM Gold$iissue-level
=583  \\$acondition reviewed$c20160509$fTESTPROGRAM$fTESTPROGRAM Gold$iissue-level
=852  0\$aTESTINST1$bHDC$ctestprogram-trust
=866  30$80$a1(1979)-11(1984)

