=LDR  00658nx  a22001931n 4500
=003  TestILS
=004  991022907349703841
=007  ta
=001  221044081740003841
=008  1709140u\\\\0\\\0001ba\\\0\\\\\\
=005  20210520081217.76
=022  \\$a0197-1271
=035  \\$a(OCoLC)5912614
=245  00$aFodor's North Africa.
=583  \\$acommitted to retain$c20170914$dDecember 31, 2035$fTESTPROGRAM$fTESTPROGRAM Gold$uhttp://localhost/services/testprogram/docs/TESTPROGRAMProgramStatement.pdf
=583  \\$acompleteness reviewed$c20170914$fTESTPROGRAM$fTESTPROGRAM Gold$iissue-level
=583  \\$acondition reviewed$c20170914$fTESTPROGRAM$fTESTPROGRAM Gold$iissue-level
=561  \\$aTESTINST1
=852  0\$aTESTINST1$bHDC$ctestprogram-trust$hDT184 .F62
=866  30$80$a(1984)-(1989)

