=LDR  00605nx  a22001691n 4500
=003  TestILS
=004  991018854149703841
=007  ta
=001  221114398110003841
=008  1908070u\\\\0\\\0000ba\\\0\\\\\\
=005  20210520081217.72
=035  \\$a(OCoLC)4038475
=245  00$aFAO commodity review.
=583  \\$acommitted to retain$c20190807$dDecember 31, 2035$fTESTPROGRAM$fTESTPROGRAM Silver$uhttp://localhost/services/testprogram/docs/TESTPROGRAMProgramStatement.pdf
=583  \\$acompleteness reviewed$c20190807$fTESTPROGRAM$fTESTPROGRAM Silver$ivolume level$lmissing volumes$zmissing (1961)-(1965)
=561  \\$aTESTINST1
=852  0\$aTESTINST1$bHDC$ctestprogram-trust$hHD1401$i.F63a
=866  30$80$a(1966)-(1968)

