=LDR  00749nx  a22001931n 4500
=003  TestILS
=004  991004808829703841
=007  ta
=001  221134648490003841
=008  1912315u\\\\0\\\0000ba\\\0\\\\\\
=005  20210520081218.09
=022  \\$a1145-1742
=035  \\$a(OCoLC)22637922
=245  03$aLe Polyglotte :$bbulletin de l'Association des Professeurs de Langues Vivantes de l'Enseignement public /$cAPLV.
=583  \\$acommitted to retain$c20191231$dDecember 31, 2035$fTESTPROGRAM$fTESTPROGRAM Gold$uhttp://localhost/services/testprogram/docs/TESTPROGRAMProgramStatement.pdf
=583  \\$acompleteness reviewed$c20191231$fTESTPROGRAM$fTESTPROGRAM Gold$iissue level$lmissing issues$zmissing nos. 1-18, 24, 29
=583  \\$acondition reviewed$c20191231$fTESTPROGRAM$fTESTPROGRAM Gold$iissue level
=561  \\$aTESTINST1
=852  0\$aTESTINST1$bHDC$ctestprogram-trust$hPB2$i.P645x
=866  30$80$ano. 19(1994)-23(1995), 25(1996)-28(1997), 30(1997)-70(2007)

