=LDR  00662nx  a22001931n 4500
=003  TestILS
=004  991011608309703841
=007  ta
=001  221129620380003841
=008  1910315u\\\\0\\\0000ba\\\0\\\\\\
=005  20210520081217.90
=022  \\$a0084-4209
=035  \\$a(OCoLC)1639381
=245  00$aYivo annual of Jewish social science.
=583  \\$acommitted to retain$c20191031$dDecember 31, 2035$fTESTPROGRAM$fTESTPROGRAM Gold$uhttp://localhost/services/testprogram/docs/TESTPROGRAMProgramStatement.pdf
=583  \\$acompleteness reviewed$c20191031$fTESTPROGRAM$fTESTPROGRAM Gold$iissue level
=583  \\$acondition reviewed$c20191031$fTESTPROGRAM$fTESTPROGRAM Gold$iissue level
=561  \\$aTESTINST1
=852  0\$aTESTINST1$bHDC$ctestprogram-trust$hDS101$i.Y52
=866  30$80$a1(1946)-18(1983)

