=LDR  00660nx  a22001811n 4500
=003  TestILS
=004  991032299169703841
=007  ta
=001  221114788460003841
=008  1908140u\\\\0\\\0000ba\\\0\\\\\\
=005  20210520081218.03
=022  \\$a0740-4271
=035  \\$a(OCoLC)9952788
=245  00$aSecondary mortgage markets.
=583  \\$acommitted to retain$c20190814$dDecember 31, 2035$fTESTPROGRAM$fTESTPROGRAM Silver$uhttp://localhost/services/testprogram/docs/TESTPROGRAMProgramStatement.pdf
=583  \\$acompleteness reviewed$c20190814$fTESTPROGRAM$fTESTPROGRAM Silver$ivolume level$lmissing volumes$zmissing v.10:4; v.11:2&4; v.12:2-4; v.16:2-4
=561  \\$aTESTINST1
=852  0\$aTESTINST1$bHDC$ctestprogram-trust$hHG2040.25$i.S43x
=866  30$80$a1(1984)-16(1999)

