=LDR  00732    a2200217 n 4500
=001  22894356150003841
=003  TestILS
=004  991047710499703841
=005  20210520081217.40
=007  ta
=008  1705080u\\\\0\\\0001ba\\\0\\\\\\\\\\\\\\
=014  1\$a213911633$bOCoLC
=022  \\$a1672-0059
=035  \\$a(OCoLC)213911633
=035  \\$a(TestILS)c14146708-01asu_inst
=245  00$6880-01$aFu dan jiao yu lun tan =$bFudan education forum /$cFu dan da xue zhu ban.
=561  \\$aTESTINST1
=583  \\$acommitted to retain$c20170508$dDecember 31, 2035$fTESTPROGRAM$fTESTPROGRAM Gold$uhttp://localhost/services/testprogram/docs/TESTPROGRAMProgramStatement.pdf
=583  \\$acompleteness reviewed$c20170508$fTESTPROGRAM$fTESTPROGRAM Gold$iissue-level
=583  \\$acondition reviewed$c20170508$fTESTPROGRAM$fTESTPROGRAM Gold$iissue-level
=852  0\$aTESTINST1$bHDC$ctestprogram-trust
=866  30$80$a(2003)-(2005)

