=LDR  00735ny  a22002053n 4500
=001  22824426160003841
=003  TestILS
=004  991011569609703841
=005  20210520081218.05
=007  ta
=008  1207250u\\\\0\\\0001ba\\\0\\\\\\\\\\\\\\
=014  1\$a1587285$bOCoLC
=022  \\$a0096-9362
=035  \\$a(OCoLC)1587285
=035  \\$a(TestILS)c12890339-01asu_inst
=245  00$aSewage works journal.
=561  \\$aAZU
=583  \\$acommitted to retain$c20120725$dDecember 31, 2035$fTESTPROGRAM$fTESTPROGRAM Silver$uhttp://localhost/services/testprogram/docs/TESTPROGRAMProgramStatement.pdf
=583  \\$acompleteness reviewed$c20120725$fTESTPROGRAM$fTESTPROGRAM Silver$ivolume-level$lmissing volumes$zmissing v.1 issue 2, 3-5; v.4 issues 1-3, 6
=852  0\$aTESTINST1$bHDC$ctestprogram-trust$hTD511$i.S4
=866  30$80$a1(1928)-21(1949)

