=LDR  00795    a2200241 n 4500
=001  22891779880003841
=003  TestILS
=004  991042391159703841
=005  20210520081217.59
=007  ta
=008  1505270u\\\\0\\\0001ba\\\0\\\\\\\\\\\\\\
=014  1\$a19643471$bOCoLC
=022  \\$a1050-6527
=022  \\$a1059-1109
=030  \\$aANDIEY
=035  \\$a(OCoLC)19643471
=035  \\$a(TestILS)c1360627x-01asu_inst
=245  10$aProceedings of the ... Annual ISA Analysis Division Symposium.
=561  \\$aTESTINST1
=583  \\$acommitted to retain$c20150527$dDecember 31, 2035$fTESTPROGRAM$fTESTPROGRAM Gold$uhttp://localhost/services/testprogram/docs/TESTPROGRAMProgramStatement.pdf
=583  \\$acompleteness reviewed$c20150527$fTESTPROGRAM$fTESTPROGRAM Gold$iissue-level
=583  \\$acondition reviewed$c20150527$fTESTPROGRAM$fTESTPROGRAM Gold$iissue-level
=852  0\$aTESTINST1$bHDC$ctestprogram-trust$hQD71$i.A43
=866  30$80$a23(1988)-34(2001)

