=LDR  00636nx  a22001811n 4500
=003  TestILS
=004  991027197879703841
=007  ta
=001  221147858820003841
=008  2006305u\\\\0\\\0000ba\\\0\\\\\\
=005  20210520081217.81
=035  \\$a(OCoLC)7944671
=245  00$aContract abstracts and CRM archeology.
=583  \\$acommitted to retain$c20200630$dDecember 31, 2035$fTESTPROGRAM$fTESTPROGRAM Gold$uhttp://localhost/services/testprogram/docs/TESTPROGRAMProgramStatement.pdf
=583  \\$acompleteness reviewed$c20200630$fTESTPROGRAM$fTESTPROGRAM Gold$iissue level
=583  \\$acondition reviewed$c20200630$fTESTPROGRAM$fTESTPROGRAM Gold$iissue level
=561  \\$aTESTINST1
=852  0\$aTESTINST1$bHDC$ctestprogram-trust$hE77.8$i.C65x
=866  30$80$a1(1981)-3(1983)

