=LDR  00751ny  a22002053n 4500
=001  22856827650003841
=003  TestILS
=004  991037624839703841
=005  20210520081218.00
=007  ta
=008  1307290u\\\\0\\\0001ba\\\0\\\\\\\\\\\\\\
=014  1\$a13400501$bOCoLC
=022  \\$a8755-7614
=035  \\$a(OCoLC)13400501
=035  \\$a(TestILS)c13229771-01asu_inst
=245  00$aNonprofit world.
=561  \\$aTESTINST1
=583  \\$acommitted to retain$c20130729$dDecember 31, 2035$fTESTPROGRAM$fTESTPROGRAM Silver$uhttp://localhost/services/testprogram/docs/TESTPROGRAMProgramStatement.pdf
=583  \\$acompleteness reviewed$c20130729$fTESTPROGRAM$fTESTPROGRAM Silver$ivolume-level$lbinding patterns vary$zfor vols. 4-5 & 8-9, two volumes bound together as single piece
=852  0\$aTESTINST1$bHDC$ctestprogram-trust
=866  30$80$a4(1986)-23(2005)

