=LDR  00670nx  a22001811n 4500
=003  TestILS
=004  991004863499703841
=007  ta
=001  221134083960003841
=008  1912315u\\\\0\\\0000ba\\\0\\\\\\
=005  20210520081218.16
=035  \\$a(OCoLC)24233706
=245  00$aInternational med-tech directory :$bthe international guide to public health care companies.
=583  \\$acommitted to retain$c20191231$dDecember 31, 2035$fTESTPROGRAM$fTESTPROGRAM Gold$uhttp://localhost/services/testprogram/docs/TESTPROGRAMProgramStatement.pdf
=583  \\$acompleteness reviewed$c20191231$fTESTPROGRAM$fTESTPROGRAM Gold$iissue level$lmissing issues$zmissing (1991)-(1993)
=583  \\$acondition reviewed$c20191231$fTESTPROGRAM$fTESTPROGRAM Gold$iissue level
=561  \\$aTESTINST1
=852  0\$aTESTINST1$bHDC$ctestprogram-trust$hHD9994.U5$iM43x
=866  30$80$a(1993)

