=LDR  00660nx  a22001811n 4500
=003  TestILS
=004  991004172769703841
=007  ta
=001  221106340010003841
=008  1905150u\\\\0\\\0000ba\\\0\\\\\\
=005  20210520081218.09
=022  \\$a1094-9046
=035  \\$a(OCoLC)37395440
=245  00$aKnowledge quest :$bjournal of the American Association of School Librarians.
=583  \\$acommitted to retain$c20190515$dDecember 31, 2035$fTESTPROGRAM$fTESTPROGRAM Silver$uhttp://localhost/services/testprogram/docs/TESTPROGRAMProgramStatement.pdf
=583  \\$acompleteness reviewed$c20190515$fTESTPROGRAM$fTESTPROGRAM Silver$ivolume level$lmissing volumes$zmissing v.37:4(2009)-v.44(2015/16)
=561  \\$aTESTINST1
=852  0\$aTESTINST1$bHDC$ctestprogram-trust$hZ675.S3$iS2912
=866  30$80$a28(1999/2000)-33(2004/2005)

