=LDR  00664nx  a22001931n 4500
=003  TestILS
=004  991032319659703841
=007  ta
=001  221129788750003841
=008  1910315u\\\\0\\\0000ba\\\0\\\\\\
=005  20210520081218.04
=022  \\$a0741-8450
=035  \\$a(OCoLC)10222225
=245  00$aSimon Wiesenthal Center annual.
=583  \\$acommitted to retain$c20191031$dDecember 31, 2035$fTESTPROGRAM$fTESTPROGRAM Gold$uhttp://localhost/services/testprogram/docs/TESTPROGRAMProgramStatement.pdf
=583  \\$acompleteness reviewed$c20191031$fTESTPROGRAM$fTESTPROGRAM Gold$iissue level
=583  \\$acondition reviewed$c20191031$fTESTPROGRAM$fTESTPROGRAM Gold$iissue level
=561  \\$aTESTINST1
=852  0\$aTESTINST1$bHDC$ctestprogram-trust$hD810.J4$iS537
=866  30$80$a1(1984)-7(1990)

