=LDR  00801    a2200241 n 4500
=001  22879398380003841
=003  TestILS
=004  991011595949703841
=005  20210520081217.80
=007  ta
=008  1404160u\\\\0\\\0001ba\\\0\\\\\\\\\\\\\\
=014  1\$a1607040$bOCoLC
=022  \\$a0372-8854
=035  \\$a(OCoLC)1607040
=035  \\$a(TestILS)c13402456-01asu_inst
=245  00$aZeitschrift für Geomorphologie.$bAnnals of geomorphology. Annali di geomorfologia.
=561  \\$aTESTINST1
=561  \\$aCUZ
=583  \\$acommitted to retain$c20140416$dDecember 31, 2035$fTESTPROGRAM$fTESTPROGRAM Gold$uhttp://localhost/services/testprogram/docs/TESTPROGRAMProgramStatement.pdf
=583  \\$acompleteness reviewed$c20140416$fTESTPROGRAM$fTESTPROGRAM Gold$iissue-level
=583  \\$acondition reviewed$c20140416$fTESTPROGRAM$fTESTPROGRAM Gold$iissue-level
=852  0\$aTESTINST1$bHDC$ctestprogram-trust
=866  30$80$a1(1925)-11(1943); n.s.1(1957)-49(2005)
=867  30$80$a25(1981)

