=LDR  00734ny  a22002173n 4500
=001  22818616760003841
=003  TestILS
=004  991020845549703841
=005  20210520081217.85
=007  ta
=008  1206180u\\\\0\\\0001ba\\\0\\\\\\\\\\\\\\
=014  1\$a4604488$bOCoLC
=022  \\$a1945-7863
=035  \\$a(OCoLC)4604488
=035  \\$a(TestILS)c12801963-01asu_inst
=245  04$aThe North-American review and miscellaneous journal.
=561  \\$aTESTINST1
=583  \\$acommitted to retain$c20120618$dDecember 31, 2035$fTESTPROGRAM$fTESTPROGRAM Silver$uhttp://localhost/services/testprogram/docs/TESTPROGRAMProgramStatement.pdf
=583  \\$acompleteness reviewed$c20120618$fTESTPROGRAM$fTESTPROGRAM Silver$ivolume-level$lreprints$zv.1-12 Reprints
=852  0\$aTESTINST1$bHDC$ctestprogram-trust$hAP2$i.N7
=866  30$80$a1(1815)-12(1821)
=868  30$80$a1(1815)-12(1821)

