=LDR  00700nx  a22001931n 4500
=003  TestILS
=004  991028928339703841
=007  ta
=001  221153825750003841
=008  2103315u\\\\0\\\0000ba\\\0\\\\\\
=005  20210520081218.20
=022  \\$a0734-192X
=035  \\$a(OCoLC)8685088
=245  00$aCornell executive /$cCornell University, Graduate School of Business and Public Administration.
=583  \\$acommitted to retain$c20210331$d20351231$fTESTPROGRAM$fTESTPROGRAM Gold$uhttp://localhost/services/testprogram/docs/TESTPROGRAMProgramStatement.pdf
=583  \\$acompleteness reviewed$c20210331$fTESTPROGRAM$fTESTPROGRAM Gold$iissue level$lmissing issues$zmissing v.9:3(1983)
=583  \\$acondition reviewed$c20210331$fTESTPROGRAM$fTESTPROGRAM Gold$iissue level
=561  \\$aTESTINST1
=852  0\$aTESTINST1$bHDC$ctestprogram-trust$hHD38.25.U5$iE94x
=866  30$80$a8, no.2(1982)-9(1983)

