=LDR  00731    a2200217 n 4500
=001  22839215550003841
=003  TestILS
=004  991011564999703841
=005  20210520081218.05
=007  ta
=008  1505010u\\\\0\\\0001ba\\\0\\\\\\\\\\\\\\
=014  1\$a1586008$bOCoLC
=022  \\$a0043-3462
=035  \\$a(OCoLC)1586008
=035  \\$a(TestILS)c13581806-01asu_inst
=245  00$aWestern American literature.
=561  \\$aTESTINST1
=583  \\$acommitted to retain$c20150501$dDecember 31, 2035$fTESTPROGRAM$fTESTPROGRAM Gold$uhttp://localhost/services/testprogram/docs/TESTPROGRAMProgramStatement.pdf
=583  \\$acompleteness reviewed$c20150501$fTESTPROGRAM$fTESTPROGRAM Gold$iissue-level
=583  \\$acondition reviewed$c20150501$fTESTPROGRAM$fTESTPROGRAM Gold$iissue-level
=852  0\$aTESTINST1$bHDC$ctestprogram-trust
=866  30$80$a1(1966)-40(2006)

