=LDR  00652nx  a22001931n 4500
=003  TestILS
=004  991025077429703841
=007  ta
=001  221165002490003841
=008  2104290u\\\\0\\\0000ba\\\0\\\\\\
=005  20210520081217.44
=022  \\$a0704-7924
=035  \\$a(OCoLC)6184655
=245  04$aLes Cahiers du CRSR.
=583  \\$acommitted to retain$c20210429$d20351231$fTESTPROGRAM$fTESTPROGRAM Gold$uhttp://localhost/services/testprogram/docs/TESTPROGRAMProgramStatement.pdf
=583  \\$acompleteness reviewed$c20210429$fTESTPROGRAM$fTESTPROGRAM Gold$iissue level
=583  \\$acondition reviewed$c20210429$fTESTPROGRAM$fTESTPROGRAM Gold$iissue level
=561  \\$aTESTINST1
=852  0\$aTESTINST1$bHDC$ctestprogram-trust$hBT738$i.U57
=866  30$80$a1(1977)-3(1980)

