=LDR  00604nx  a22001691n 4500
=003  TestILS
=004  991011476309703841
=007  ta
=001  221067304270003841
=008  1805140u\\\\0\\\0000ba\\\0\\\\\\
=005  20210520081217.68
=035  \\$a(OCoLC)1480844
=245  00$aJournal of the American Society of Training Directors.
=583  \\$acommitted to retain$c20180514$dDecember 31, 2035$fTESTPROGRAM$fTESTPROGRAM Silver$uhttp://localhost/services/testprogram/docs/TESTPROGRAMProgramStatement.pdf
=583  \\$acompleteness reviewed$c20180514$fTESTPROGRAM$fTESTPROGRAM Silver$ivolume level$lmissing volumes$zmissing v.8-13
=561  \\$aTESTINST1
=852  0\$aTESTINST1$bHDC$ctestprogram-trust$hHF5549.5 .T7 A6
=866  30$80$a14(1960)-16(1962)

