=LDR  00665nx  a22001931n 4500
=003  TestILS
=004  991022144849703841
=007  ta
=001  221117229390003841
=008  1908165u\\\\0\\\0000ba\\\0\\\\\\
=005  20210520081217.36
=022  \\$a1070-3322
=035  \\$a(OCoLC)28318383
=245  00$aProfessional and occupational licensing directory.
=583  \\$acommitted to retain$c20190823$dDecember 31, 2035$fTESTPROGRAM$fTESTPROGRAM Gold$uhttp://localhost/services/testprogram/docs/TESTPROGRAMProgramStatement.pdf
=583  \\$acompleteness reviewed$c20190823$fTESTPROGRAM$fTESTPROGRAM Gold$iissue level
=583  \\$acondition reviewed$c20190823$fTESTPROGRAM$fTESTPROGRAM Gold$iissue level
=561  \\$aTESTINST1
=852  0\$aTESTINST1$bHDC$ctestprogram-trust$hHD3630.U7$iP76
=866  30$80$a1(1993)-2(1996)

