=LDR  00713nx  a22001931n 4500
=003  TestILS
=004  991035498499703841
=007  ta
=001  221147858580003841
=008  2006305u\\\\0\\\0000ba\\\0\\\\\\
=005  20210520081218.02
=022  \\$a0898-0209
=035  \\$a(OCoLC)12398653
=245  04$aThe Real estate finance journal.
=583  \\$acommitted to retain$c20200630$dDecember 31, 2035$fTESTPROGRAM$fTESTPROGRAM Gold$uhttp://localhost/services/testprogram/docs/TESTPROGRAMProgramStatement.pdf
=583  \\$acompleteness reviewed$c20200630$fTESTPROGRAM$fTESTPROGRAM Gold$iissue level$lmissing issues$zmissing v. 1(1985)
=583  \\$acondition reviewed$c20200630$fTESTPROGRAM$fTESTPROGRAM Gold$iissue level
=561  \\$aTESTINST1
=852  0\$aTESTINST1$bHDC$ctestprogram-trust$hHD1361$i.R4285x
=866  30$80$a2(1986/87)-31, no. 2(2015)

