=LDR  00704ny  a22002173n 4500
=001  22860350840003841
=003  TestILS
=004  991013780049703841
=005  20210520081217.63
=007  ta
=008  1404140u\\\\0\\\0001ba\\\0\\\\\\\\\\\\\\
=014  1\$a1607382$bOCoLC
=022  0\$a0885-2758$l0885-2758
=035  \\$a(OCoLC)1607382
=035  \\$a(TestILS)c13381635-01asu_inst
=245  00$aJournal of Bible and religion.
=561  \\$aCRU
=561  \\$aCUF
=583  \\$acommitted to retain$c20140414$dDecember 31, 2035$fTESTPROGRAM$fTESTPROGRAM Silver$uhttp://localhost/services/testprogram/docs/TESTPROGRAMProgramStatement.pdf
=583  \\$acompleteness reviewed$c20140414$fTESTPROGRAM$fTESTPROGRAM Silver$ivolume-level
=852  0\$aTESTINST1$bHDC$ctestprogram-trust$hBL1$i.A45x
=866  30$80$a5(1937)-34(1966)

