=LDR  00760nx  a22001931n 4500
=003  TestILS
=004  991046743049703841
=007  ta
=001  221065898860003841
=008  1805040u\\\\0\\\0000ba\\\0\\\\\\
=005  20210520081217.74
=035  \\$a(OCoLC)2460704
=245  14$aThe annals - The Society of Chartered Property & Casualty Underwriters.
=583  \\$acommitted to retain$c20180504$dDecember 31, 2035$fTESTPROGRAM$fTESTPROGRAM Silver$uhttp://localhost/services/testprogram/docs/TESTPROGRAMProgramStatement.pdf
=583  \\$acompleteness reviewed$c20180504$fTESTPROGRAM$fTESTPROGRAM Silver$ivolume level$lmissing volumes$zmissing v.9:2-4; v.10:2-4; v.11-12; v.13:1,3-4; v.14:1-2; v.15:1-2; v.16:1; v.17:1-2,4
=561  \\$aTESTINST1
=852  0\$aTESTINST1$bHDC$ctestprogram-trust$hHG8011$i.S63
=866  30$80$a1(1949)-10(1958), 13(1960)-21(1968)
=867  30$80$a(1956)-(1957)
=868  30$80$a1(1949)-21(1968)

