=LDR  00723nx  a22001931n 4500
=003  TestILS
=004  991033910139703841
=007  ta
=001  221171326890003841
=008  2105160u\\\\0\\\0000ba\\\0\\\\\\
=005  20210520081218.01
=022  \\$a0292-3238
=035  \\$a(OCoLC)11673904
=245  00$aMot pour mot.
=583  \\$acommitted to retain$c20210514$d20351231$fTESTPROGRAM$fTESTPROGRAM Gold$uhttp://localhost/services/testprogram/docs/TESTPROGRAMProgramStatement.pdf
=583  \\$acompleteness reviewed$c20210514$fTESTPROGRAM$fTESTPROGRAM Gold$iissue level$lmissing issues$zmissing v.9-10, v.17
=583  \\$acondition reviewed$c20210514$fTESTPROGRAM$fTESTPROGRAM Gold$iissue level
=561  \\$aTESTINST1
=852  0\$aTESTINST1$bHDC$ctestprogram-trust$hPN3$i.M67x
=866  30$80$ano. 1(1981)-8(1982), 11(1983)-16(1984), 18(1985)

