=LDR  00738nx  a22001931n 4500
=003  TestILS
=004  991035500229703841
=007  ta
=001  221134229280003841
=008  1912315u\\\\0\\\0000ba\\\0\\\\\\
=005  20210520081218.02
=022  \\$a0102-2636
=035  \\$a(OCoLC)12432871
=245  00$aPolítica e estratégia.
=583  \\$acommitted to retain$c20191231$dDecember 31, 2035$fTESTPROGRAM$fTESTPROGRAM Gold$uhttp://localhost/services/testprogram/docs/TESTPROGRAMProgramStatement.pdf
=583  \\$acompleteness reviewed$c20191231$fTESTPROGRAM$fTESTPROGRAM Gold$iissue level$lmissing issues$zmissing v.2, no.1(1984); v.7, no.4(1989), 9(1991)-10(1992)
=583  \\$acondition reviewed$c20191231$fTESTPROGRAM$fTESTPROGRAM Gold$iissue level
=561  \\$aTESTINST1
=852  0\$aTESTINST1$bHDC$ctestprogram-trust$hD410$i.P64x
=866  30$80$a1(1983)-8(1990)

