=LDR  00663nx  a22001811n 4500
=003  TestILS
=004  991011843439703841
=007  ta
=001  221157079910003841
=008  2011180u\\\\0\\\0000ba\\\0\\\\\\
=005  20210520081217.37
=022  \\$a0008-3275
=035  \\$a(OCoLC)1851172
=245  00$aCanadian consumer.
=583  \\$acommitted to retain$c20201118$dDecember 31, 2035$fTESTPROGRAM$fTESTPROGRAM Silver$uhttp://localhost/services/testprogram/docs/TESTPROGRAMProgramStatement.pdf
=583  \\$acompleteness reviewed$c20201118$fTESTPROGRAM$fTESTPROGRAM Silver$ivolume level$lmissing volumes$zmissing v. 1(1963)-8(1970) & v. 1(1971)-18(1988)
=561  \\$aTESTINST1
=852  0\$aTESTINST1$bHDC$ctestprogram-trust$hTX335.A1$iC35x
=866  30$80$a19(1989)-23(1993)

