=LDR  00842    a2200217 n 4500
=001  22952078160003841
=003  TestILS
=004  991011451369703841
=005  20210520081217.71
=007  ta
=008  1401170u\\\\0\\\0001ba\\\0\\\\\\\\\\\\\\
=014  1\$a4937563$bOCoLC
=022  0\$a0001-1568$l0001-1568
=035  \\$a(OCoLC)4937563
=035  \\$a(TestILS)c13381258-01asu_inst
=245  04$aThe A.I. digest :$bofficial publication of the National Association of Animal Breeders.
=561  \\$aTESTINST1
=583  \\$acommitted to retain$c20140117$dDecember 31, 2035$fTESTPROGRAM$fTESTPROGRAM Gold$uhttp://localhost/services/testprogram/docs/TESTPROGRAMProgramStatement.pdf
=583  \\$acompleteness reviewed$c20140117$fTESTPROGRAM$fTESTPROGRAM Gold$iissue-level$lbinding patterns vary$zfor vol. 12-25 two volumes bound together as single piece
=583  \\$acondition reviewed$c20140117$fTESTPROGRAM$fTESTPROGRAM Gold$iissue-level
=852  0\$aTESTINST1$bHDC$ctestprogram-trust$hSF1$i.N38
=866  30$80$a5(1957)-25, no. 3(1977)

