=LDR  00696nx  a22001931n 4500
=003  TestILS
=004  991030551929703841
=007  ta
=001  221147889580003841
=008  2006305u\\\\0\\\0000ba\\\0\\\\\\
=005  20210520081217.46
=022  \\$a0082-2957
=035  \\$a(OCoLC)8815371
=245  10$aMiscellaneous papers /$cTexas Archeological Salvage Project.
=583  \\$acommitted to retain$c20200630$dDecember 31, 2035$fTESTPROGRAM$fTESTPROGRAM Gold$uhttp://localhost/services/testprogram/docs/TESTPROGRAMProgramStatement.pdf
=583  \\$acompleteness reviewed$c20200630$fTESTPROGRAM$fTESTPROGRAM Gold$iissue level$lmissing issues$zmissing no.2-4, 6
=583  \\$acondition reviewed$c20200630$fTESTPROGRAM$fTESTPROGRAM Gold$iissue level
=561  \\$aTESTINST1
=852  0\$aTESTINST1$bHDC$ctestprogram-trust$hE78.T4$iT4x
=866  30$80$a1(1964)-5(1965)

