=LDR  00607nx  a22001811n 4500
=003  TestILS
=004  991011774949703841
=007  ta
=001  221066541060003841
=008  1805140u\\\\0\\\0000ba\\\0\\\\\\
=005  20210520081217.56
=022  \\$a0017-789X
=035  \\$a(OCoLC)1779721
=245  00$aHarper's monthly magazine.
=583  \\$acommitted to retain$c20180514$dDecember 31, 2035$fTESTPROGRAM$fTESTPROGRAM Silver$uhttp://localhost/services/testprogram/docs/TESTPROGRAMProgramStatement.pdf
=583  \\$acompleteness reviewed$c20180514$fTESTPROGRAM$fTESTPROGRAM Silver$ivolume level
=561  \\$aTESTINST1
=852  0\$aTESTINST1$bHDC$ctestprogram-trust$hAP2 .H3
=866  30$80$a101, no.601(1900)-126, no.753(1913)

