=LDR  00734    a2200217 n 4500
=001  22850876760003841
=003  TestILS
=004  991040096269703841
=005  20210520081217.55
=007  ta
=008  1505290u\\\\0\\\0001ba\\\0\\\\\\\\\\\\\\
=014  1\$a18360500$bOCoLC
=022  \\$a0113-7832
=035  \\$a(OCoLC)18360500
=035  \\$a(TestILS)c13607248-01asu_inst
=245  00$aArchaeology in New Zealand.
=561  \\$aTESTINST1
=583  \\$acommitted to retain$c20150529$dDecember 31, 2035$fTESTPROGRAM$fTESTPROGRAM Gold$uhttp://localhost/services/testprogram/docs/TESTPROGRAMProgramStatement.pdf
=583  \\$acompleteness reviewed$c20150529$fTESTPROGRAM$fTESTPROGRAM Gold$iissue-level
=583  \\$acondition reviewed$c20150529$fTESTPROGRAM$fTESTPROGRAM Gold$iissue-level
=852  0\$aTESTINST1$bHDC$ctestprogram-trust
=866  30$80$a31(1988)-48(2005)

