=LDR  00715nx  a22001811n 4500
=003  TestILS
=004  991025120949703841
=007  ta
=001  221106398250003841
=008  1905090u\\\\0\\\0000ba\\\0\\\\\\
=005  20210520081217.42
=022  \\$a0018-5078
=035  \\$a(OCoLC)6715359
=245  14$aThe horn book magazine.
=583  \\$acommitted to retain$c20190509$dDecember 31, 2035$fTESTPROGRAM$fTESTPROGRAM Silver$uhttp://localhost/services/testprogram/docs/TESTPROGRAMProgramStatement.pdf
=583  \\$acompleteness reviewed$c20190509$fTESTPROGRAM$fTESTPROGRAM Silver$ivolume level$ivolume level$lbinding patterns vary$zv.21 bound with earlier title$lmissing volumes$zmissing v.85(2009)-91(2015)
=561  \\$aTESTINST1
=852  0\$aTESTINST1$bHDC$ctestprogram-trust$hZ1037.A1$iA15
=866  30$80$a21, no.3(1945)-84(2008)

