=LDR  00519ny  a22001693n 4500
=003  TestILS
=004  991020828039703841
=005  20210520081217.84
=001  221098772250003841
=007  ta
=008  1901110u\\\\0\\\0001aa\\\0\\\\\\\\\\\\\8
=022  \\$a0163-755X
=035  \\$a(OCoLC)4417668
=245  00$aMELUS;$bSociety for the Study of the Multi-Ethnic Literature of the United States.
=561  \\$aTESTINST1
=583  \\$acommitted to retain$c20190116$dDecember 31, 2035$fTESTPROGRAM$fTESTPROGRAM Bronze$uhttp://localhost/services/testprogram/docs/TESTPROGRAMProgramStatement.pdf
=852  0\$aTESTINST1$bHDC$ctestprogram-trust$hPN843$i.M18
=866  30$80$a1(1974)-33(2008)

