=LDR  00671ny  a22002053n 4500
=001  22946374420003841
=003  TestILS
=004  991011708629703841
=005  20210520081217.87
=007  ta
=008  1305240u\\\\0\\\0001ba\\\0\\\\\\\\\\\\\\
=014  1\$a1760916$bOCoLC
=022  \\$a0029-5973
=035  \\$a(OCoLC)1760916
=035  \\$a(TestILS)c13180927-01asu_inst
=245  10$aNumen.
=561  \\$aTESTINST1
=583  \\$acommitted to retain$c20130524$dDecember 31, 2035$fTESTPROGRAM$fTESTPROGRAM Silver$uhttp://localhost/services/testprogram/docs/TESTPROGRAMProgramStatement.pdf
=583  \\$acompleteness reviewed$c20130524$fTESTPROGRAM$fTESTPROGRAM Silver$ivolume-level
=852  0\$aTESTINST1$bHDC$ctestprogram-trust$hBL1$i.N8
=866  30$80$a1(1954)-52(2005)

