=LDR  00756    a2200229 n 4500
=001  22966266170003841
=003  TestILS
=004  991009698669703841
=005  20210520081217.96
=007  ta
=008  1405080u\\\\0\\\0001ba\\\0\\\\\\\\\\\\\\
=014  1\$a23369793$bOCoLC
=022  0\$a1528-9079
=035  \\$a(OCoLC)23369793
=035  \\$a(TestILS)c13403709-01asu_inst
=245  04$aThe Scholarship book.
=561  \\$aTESTINST1
=561  \\$aIYU
=583  \\$acommitted to retain$c20140508$dDecember 31, 2035$fTESTPROGRAM$fTESTPROGRAM Gold$uhttp://localhost/services/testprogram/docs/TESTPROGRAMProgramStatement.pdf
=583  \\$acompleteness reviewed$c20140508$fTESTPROGRAM$fTESTPROGRAM Gold$iissue-level
=583  \\$acondition reviewed$c20140508$fTESTPROGRAM$fTESTPROGRAM Gold$iissue-level
=852  0\$aTESTINST1$bHDC$ctestprogram-trust
=866  30$80$ano.1(1984)-11(2004)

