=LDR  00841    a2200229 n 4500
=001  22850982320003841
=003  TestILS
=004  991011827769703841
=005  20210520081217.75
=007  ta
=008  1505150u\\\\0\\\0001ba\\\0\\\\\\\\\\\\\\
=014  1\$a1795700$bOCoLC
=022  \\$a0581-8761
=035  \\$a(OCoLC)1795700
=035  \\$a(TestILS)c13598739-01asu_inst
=245  00$aSavings and loan fact book.
=561  \\$aTESTINST1
=561  \\$aWYU
=583  \\$acommitted to retain$c20150515$dDecember 31, 2035$fTESTPROGRAM$fTESTPROGRAM Gold$uhttp://localhost/services/testprogram/docs/TESTPROGRAMProgramStatement.pdf
=583  \\$acompleteness reviewed$c20150515$fTESTPROGRAM$fTESTPROGRAM Gold$iissue-level$lmissing volumes$zmissing [no. 2]1955
=583  \\$acondition reviewed$c20150515$fTESTPROGRAM$fTESTPROGRAM Gold$iissue-level$lunderlining$z[no. 18]1971 underlining and marginalia
=852  0\$aTESTINST1$bHDC$ctestprogram-trust
=866  30$80$a(1954)-(1980)

