=LDR  00824    a2200241 n 4500
=001  22953433240003841
=003  TestILS
=004  991020814589703841
=005  20210520081217.83
=007  ta
=008  1705080u\\\\0\\\0001ba\\\0\\\\\\\\\\\\\\
=014  1\$a4293261$bOCoLC
=022  0\$a0502-9716
=035  \\$a(OCoLC)4293261
=035  \\$a(TestILS)c14125511-01asu_inst
=245  00$aU.S. housing markets /$cprepared by Advance Mortgage Corporation.
=561  \\$aTESTINST1
=561  \\$aCDS
=583  \\$acommitted to retain$c20170508$dDecember 31, 2035$fTESTPROGRAM$fTESTPROGRAM Gold$uhttp://localhost/services/testprogram/docs/TESTPROGRAMProgramStatement.pdf
=583  \\$acompleteness reviewed$c20170508$fTESTPROGRAM$fTESTPROGRAM Gold$iissue-level$lmissing volumes$zmissing 1966-1978
=583  \\$acondition reviewed$c20170508$fTESTPROGRAM$fTESTPROGRAM Gold$iissue-level
=852  0\$aTESTINST1$bHDC$ctestprogram-trust
=866  30$80$a(1979)-(2005)
=867  30$80$a1989-1999; 2005-2007

