=LDR  00730    a2200217 n 4500
=001  22898644130003841
=003  TestILS
=004  991022344529703841
=005  20210520081217.37
=007  ta
=008  1405080u\\\\0\\\0001ba\\\0\\\\\\\\\\\\\\
=014  1\$a23059962$bOCoLC
=022  0\$a1055-0267
=035  \\$a(OCoLC)23059962
=035  \\$a(TestILS)c13403813-01asu_inst
=245  04$aThe video annual.
=561  \\$aTESTINST1
=583  \\$acommitted to retain$c20140508$dDecember 31, 2035$fTESTPROGRAM$fTESTPROGRAM Gold$uhttp://localhost/services/testprogram/docs/TESTPROGRAMProgramStatement.pdf
=583  \\$acompleteness reviewed$c20140508$fTESTPROGRAM$fTESTPROGRAM Gold$iissue-level
=583  \\$acondition reviewed$c20140508$fTESTPROGRAM$fTESTPROGRAM Gold$iissue-level
=852  0\$aTESTINST1$bHDC$ctestprogram-trust
=866  30$80$a(1991)-(1994)

