=LDR  00655ny  a22002053n 4500
=001  22953250700003841
=003  TestILS
=004  991011465469703841
=005  20210520081217.67
=007  ta
=008  1205140u\\\\0\\\0001ba\\\0\\\\\\\\\\\\\\
=014  1\$a1479259$bOCoLC
=022  0\$a0002-7154$l0002-7154
=030  \\$aTAAOAF
=035  \\$a(OCoLC)1479259
=035  \\$a(TestILS)c12689373-01asu_inst
=245  10$aTransactions - American Academy of Ophthalmology and Otolaryngology.
=561  \\$aTESTINST1
=583  \\$acommitted to retain$c20120514$dDecember 31, 2035$fTESTPROGRAM$fTESTPROGRAM Bronze$uhttp://localhost/services/testprogram/docs/TESTPROGRAMProgramStatement.pdf
=852  0\$aTESTINST1$bHDC$ctestprogram-trust$hRE1$i.A4x
=866  30$80$a45(1940)-48(1944), 56(1952), 70(1966)-77(1973)

