=LDR  00684ny  a22002053n 4500
=001  22929798330003841
=003  TestILS
=004  991032329359703841
=005  20210520081218.04
=007  ta
=008  1305210u\\\\0\\\0001ba\\\0\\\\\\\\\\\\\\
=014  1\$a10353595$bOCoLC
=022  0\$a0742-9517
=035  \\$a(OCoLC)10353595
=035  \\$a(TestILS)c13180472-01asu_inst
=245  00$aJournal of the American Society of CLU.
=561  \\$aAZC
=583  \\$acommitted to retain$c20130521$dDecember 31, 2035$fTESTPROGRAM$fTESTPROGRAM Silver$uhttp://localhost/services/testprogram/docs/TESTPROGRAMProgramStatement.pdf
=583  \\$acompleteness reviewed$c20130521$fTESTPROGRAM$fTESTPROGRAM Silver$ivolume-level
=852  0\$aTESTINST1$bHDC$ctestprogram-trust$hHG8751$i.A5
=866  30$80$a38(1984)-40, no. 5(1986)

