=LDR  00642nx  a22001811n 4500
=003  TestILS
=004  991017664099703841
=007  ta
=001  221106589990003841
=008  1905150u\\\\0\\\0000ba\\\0\\\\\\
=005  20210520081217.63
=022  \\$a0361-1647
=035  \\$a(OCoLC)1773523
=245  00$aSchool media quarterly.
=583  \\$acommitted to retain$c20190515$dDecember 31, 2035$fTESTPROGRAM$fTESTPROGRAM Silver$uhttp://localhost/services/testprogram/docs/TESTPROGRAMProgramStatement.pdf
=583  \\$acompleteness reviewed$c20190515$fTESTPROGRAM$fTESTPROGRAM Silver$ivolume level$lmissing volumes$zmissing v.9:2(1981)
=561  \\$aTESTINST1
=852  0\$aTESTINST1$bHDC$ctestprogram-trust$hZ675.S3$iS2912
=866  30$80$a1(1972/1973)-9(1980/1981)

