=LDR  00755    a2200217 n 4500
=001  22953628910003841
=003  TestILS
=004  991020818499703841
=005  20210520081217.84
=007  ta
=008  1505110u\\\\0\\\0001ba\\\0\\\\\\\\\\\\\\
=014  1\$a4333767$bOCoLC
=022  0\$a0885-7369$l0885-7369
=035  \\$a(OCoLC)4333767
=035  \\$a(TestILS)c13597966-01asu_inst
=245  00$6880-01$aGlagol.
=561  \\$aTESTINST1
=583  \\$acommitted to retain$c20150511$dDecember 31, 2035$fTESTPROGRAM$fTESTPROGRAM Gold$uhttp://localhost/services/testprogram/docs/TESTPROGRAMProgramStatement.pdf
=583  \\$acompleteness reviewed$c20150511$fTESTPROGRAM$fTESTPROGRAM Gold$iissue-level
=583  \\$acondition reviewed$c20150511$fTESTPROGRAM$fTESTPROGRAM Gold$iissue-level
=852  0\$aTESTINST1$bHDC$ctestprogram-trust$hPG3199$i.G5x
=866  30$80$a1(1977)-3(1981)

