=LDR  00763    a2200205 n 4500
=001  22951892000003841
=003  TestILS
=004  991000438559703841
=005  20210520081217.77
=007  ta
=008  1605200u\\\\0\\\0001ba\\\0\\\\\\\\\\\\\\
=014  1\$a34418102$bOCoLC
=035  \\$a(OCoLC)34418102
=035  \\$a(TestILS)c1383194x-01asu_inst
=245  03$aEl sector energético en México.
=561  \\$aTESTINST1
=583  \\$acommitted to retain$c20160520$dDecember 31, 2035$fTESTPROGRAM$fTESTPROGRAM Gold$uhttp://localhost/services/testprogram/docs/TESTPROGRAMProgramStatement.pdf
=583  \\$acompleteness reviewed$c20160520$fTESTPROGRAM$fTESTPROGRAM Gold$iissue-level$lmissing volumes$zmissing 1995-1996
=583  \\$acondition reviewed$c20160520$fTESTPROGRAM$fTESTPROGRAM Gold$iissue-level
=852  0\$aTESTINST1$bHDC$ctestprogram-trust$hHD9502.M6$iS4
=866  30$80$a(1994), (1997)-(2005)

