=LDR  00783ny  a22002533n 4500
=001  22900887060003841
=003  TestILS
=004  991011613539703841
=005  20210520081217.90
=007  ta
=008  1206220u\\\\0\\\0001ba\\\0\\\\\\\\\\\\\\
=014  1\$a1640733$bOCoLC
=022  0\$a0027-5514$l0027-5514
=030  \\$aMYCOAE
=035  \\$a(OCoLC)1640733
=035  \\$a(TestILS)c12806559-01asu_inst
=245  00$aMycologia.
=561  \\$aTESTINST1
=561  \\$aLLU
=561  \\$aWAU
=583  \\$acommitted to retain$c20120622$dDecember 31, 2035$fTESTPROGRAM$fTESTPROGRAM Silver$uhttp://localhost/services/testprogram/docs/TESTPROGRAMProgramStatement.pdf
=583  \\$acompleteness reviewed$c20120622$fTESTPROGRAM$fTESTPROGRAM Silver$ivolume-level
=852  0\$aTESTINST1$bHDC$ctestprogram-trust$hQK600$i.M8
=866  30$80$a1(1909)-97(2005)
=868  30$80$a1(1909)-58(1966)

