=LDR  00781nx  a22001931n 4500
=003  TestILS
=004  991011616049703841
=007  ta
=001  221066541070003841
=008  1805140u\\\\0\\\0000ba\\\0\\\\\\
=005  20210520081217.91
=022  \\$a0361-8277
=035  \\$a(OCoLC)1641392
=245  00$aHarper's new monthly magazine.
=583  \\$acommitted to retain$c20180514$dDecember 31, 2035$fTESTPROGRAM$fTESTPROGRAM Silver$uhttp://localhost/services/testprogram/docs/TESTPROGRAMProgramStatement.pdf
=583  \\$acompleteness reviewed$c20180514$fTESTPROGRAM$fTESTPROGRAM Silver$ivolume level$lmissing volumes$zmissing v.20-22; v.30; v.45; v.82-85; v.88
=561  \\$aTESTINST1
=852  0\$aTESTINST1$bHDC$ctestprogram-trust$hAP2 .H3
=866  30$80$a1(1850)-19(1859), 23(1861)-29(1864), 31(1865)-44(1872), 46(1872)-81(1890), 86(1892)-87(1893), 89(1894)-101(1900)
=868  30$80$a1(1850)-85(1992)

