=LDR  00832nx  a22001931n 4500
=003  TestILS
=004  991011581339703841
=007  ta
=001  221117229540003841
=008  1908165u\\\\0\\\0000ba\\\0\\\\\\
=005  20210520081217.79
=022  \\$a0041-8234
=035  \\$a(OCoLC)1590421
=245  00$aUniversidad.
=583  \\$acommitted to retain$c20190823$dDecember 31, 2035$fTESTPROGRAM$fTESTPROGRAM Gold$uhttp://localhost/services/testprogram/docs/TESTPROGRAMProgramStatement.pdf
=583  \\$acompleteness reviewed$c20190823$fTESTPROGRAM$fTESTPROGRAM Gold$iissue level$lmissing issues$zno.1-2, 4, 6-14, 16-33, 52-77,81-87, 90-94, 96-100, 102+ missing
=583  \\$acondition reviewed$c20190823$fTESTPROGRAM$fTESTPROGRAM Gold$iissue level
=561  \\$aTESTINST1
=852  0\$aTESTINST1$bHDC$ctestprogram-trust$hAS78$i.R63x
=866  30$80$a3(1937), 5(1939), 15(1943), 34(1957)-51(1962), 78(1969)-80(1970), 88(1977)-89(1978), 95(1980), 101(1991)

