=LDR  00723nx  a22001931n 4500
=003  TestILS
=004  991011541969703841
=007  ta
=001  221153822130003841
=008  2104015u\\\\0\\\0000ba\\\0\\\\\\
=005  20210520081217.95
=022  \\$a0012-7191
=035  \\$a(OCoLC)1567106
=245  00$aDuquesne Hispanic review.$bRevista hispánica de la Universidad de Duquesne.
=583  \\$acommitted to retain$c20210401$d20351231$fTESTPROGRAM$fTESTPROGRAM Gold$uhttp://localhost/services/testprogram/docs/TESTPROGRAMProgramStatement.pdf
=583  \\$acompleteness reviewed$c20210401$fTESTPROGRAM$fTESTPROGRAM Gold$iissue level$lmissing issues$zmissing v.2:2-3(1963), v.3:2-3(1964), v.4:2-3(1965)
=583  \\$acondition reviewed$c20210401$fTESTPROGRAM$fTESTPROGRAM Gold$iissue level
=561  \\$aTESTINST1
=852  0\$aTESTINST1$bHDC$ctestprogram-trust$hPQ6001$i.D86
=866  30$80$a1(1962)-11(1972)

