=LDR  00713nx  a22001931n 4500
=003  TestILS
=004  991011592749703841
=007  ta
=001  221133020000003841
=008  1912315u\\\\0\\\0000ba\\\0\\\\\\
=005  20210520081217.79
=022  \\$a0025-9683
=035  \\$a(OCoLC)1606164
=245  00$aMental hygiene.
=583  \\$acommitted to retain$c20191231$dDecember 31, 2035$fTESTPROGRAM$fTESTPROGRAM Gold$uhttp://localhost/services/testprogram/docs/TESTPROGRAMProgramStatement.pdf
=583  \\$acompleteness reviewed$c20191231$fTESTPROGRAM$fTESTPROGRAM Gold$iissue level$lmissing issues$zmissing 5(1921)
=583  \\$acondition reviewed$c20191231$fTESTPROGRAM$fTESTPROGRAM Gold$iissue level
=561  \\$aTESTINST1
=852  0\$aTESTINST1$bHDC$ctestprogram-trust$hRA790.A1$iM5
=866  30$80$a1(1917)-4(1920), 6(1922)-55(1971)

