=LDR  00747ny  a22002173n 4500
=001  22931313660003841
=003  TestILS
=004  991011760629703841
=005  20210520081217.56
=007  ta
=008  1206220u\\\\0\\\0001ba\\\0\\\\\\\\\\\\\\
=014  1\$a1772603$bOCoLC
=022  0\$a1052-0368$l1052-0368
=035  \\$a(OCoLC)1772603
=035  \\$a(TestILS)c12806547-01asu_inst
=245  00$aJournal of mycology.
=561  \\$aTESTINST1
=583  \\$acommitted to retain$c20120622$dDecember 31, 2035$fTESTPROGRAM$fTESTPROGRAM Silver$uhttp://localhost/services/testprogram/docs/TESTPROGRAMProgramStatement.pdf
=583  \\$acompleteness reviewed$c20120622$fTESTPROGRAM$fTESTPROGRAM Silver$ivolume-level$lReprints$zv.1-4 Reprints
=852  0\$aTESTINST1$bHDC$ctestprogram-trust$hQK600$i.J6x
=866  30$80$a1(1885)-14(1908)
=868  30$80$a1(1885)-10(1904)

