=LDR  00762    a2200217 n 4500
=001  22823349050003841
=003  TestILS
=004  991008730969703841
=005  20210520081217.52
=007  ta
=008  1605010u\\\\0\\\0001ba\\\0\\\\\\\\\\\\\\
=014  1\$a966970$bOCoLC
=022  \\$a0035-7200
=035  \\$a(OCoLC)966970
=035  \\$a(TestILS)c13792386-01asu_inst
=245  00$aRoad apple review.
=561  \\$aTESTINST1
=583  \\$acommitted to retain$c20160501$dDecember 31, 2035$fTESTPROGRAM$fTESTPROGRAM Gold$uhttp://localhost/services/testprogram/docs/TESTPROGRAMProgramStatement.pdf
=583  \\$acompleteness reviewed$c20160501$fTESTPROGRAM$fTESTPROGRAM Gold$iissue-level$lmissing volumes$zmissing 1968-1971
=583  \\$acondition reviewed$c20160501$fTESTPROGRAM$fTESTPROGRAM Gold$iissue-level
=852  0\$aTESTINST1$bHDC$ctestprogram-trust
=866  30$80$a(1971)-(1978)

