=LDR  00761ny  a22002173n 4500
=001  22865190760003841
=003  TestILS
=004  991006372739703841
=005  20210520081218.17
=007  ta
=008  1305100u\\\\0\\\0001ba\\\0\\\\\\\\\\\\\\
=014  1\$a4753602$bOCoLC
=022  0\$a0899-8876$l0899-8876
=035  \\$a(OCoLC)4753602
=035  \\$a(TestILS)c1315087x-01asu_inst
=245  00$aDiamond/Sunsweet news.
=561  \\$aSTA
=583  \\$acommitted to retain$c20130510$dDecember 31, 2035$fTESTPROGRAM$fTESTPROGRAM Gold$uhttp://localhost/services/testprogram/docs/TESTPROGRAMProgramStatement.pdf
=583  \\$acompleteness reviewed$c20130510$fTESTPROGRAM$fTESTPROGRAM Gold$iissue-level
=583  \\$acondition reviewed$c20130510$fTESTPROGRAM$fTESTPROGRAM Gold$iissue-level
=852  0\$aTESTINST1$bHDC$ctestprogram-trust$hSB401.A2$iD52
=866  30$80$a1(1979/1980)-2(1980)

