=LDR  00762ny  a22002173n 4500
=001  22913168950003841
=003  TestILS
=004  991022356169703841
=005  20210520081217.37
=007  ta
=008  1306110u\\\\0\\\0001ba\\\0\\\\\\\\\\\\\\
=014  1\$a34034094$bOCoLC
=022  0\$a1087-3244
=030  \\$aAJHBF6
=035  \\$a(OCoLC)34034094
=035  \\$a(TestILS)c13184313-01asu_inst
=245  00$aAmerican journal of health behavior.
=561  \\$aTESTINST1
=583  \\$acommitted to retain$c20130611$dDecember 31, 2035$fTESTPROGRAM$fTESTPROGRAM Silver$uhttp://localhost/services/testprogram/docs/TESTPROGRAMProgramStatement.pdf
=583  \\$acompleteness reviewed$c20130611$fTESTPROGRAM$fTESTPROGRAM Silver$ivolume-level$lbinding patterns vary$zfor vols. 25-29, issues 1-3 & 4-6 bound separately
=852  0\$aTESTINST1$bHDC$ctestprogram-trust
=866  30$80$a20(1996)-29(2005)

