=LDR  00669nx  a22001931n 4500
=003  TestILS
=004  991030601699703841
=007  ta
=001  221148329860003841
=008  2006305u\\\\0\\\0000ba\\\0\\\\\\
=005  20210520081217.58
=022  \\$a1013-0500
=035  \\$a(OCoLC)9662823
=245  00$aWomen's international bulletin /$cISIS.
=583  \\$acommitted to retain$c20200630$dDecember 31, 2035$fTESTPROGRAM$fTESTPROGRAM Gold$uhttp://localhost/services/testprogram/docs/TESTPROGRAMProgramStatement.pdf
=583  \\$acompleteness reviewed$c20200630$fTESTPROGRAM$fTESTPROGRAM Gold$iissue level
=583  \\$acondition reviewed$c20200630$fTESTPROGRAM$fTESTPROGRAM Gold$iissue level
=561  \\$aTESTINST1
=852  0\$aTESTINST1$bHDC$ctestprogram-trust$hHQ1101$i.I85x
=866  30$80$ano. 22(1982)-29(1983)

