=LDR  00632nx  a22001811n 4500
=003  TestILS
=004  991030573469703841
=007  ta
=001  221114888170003841
=008  1905310u\\\\0\\\0000ba\\\0\\\\\\
=005  20210520081217.47
=022  \\$a0743-3336
=035  \\$a(OCoLC)9151100
=245  00$aFodor's Los Angeles and nearby attractions.
=583  \\$acommitted to retain$c20190531$dDecember 31, 2035$fTESTPROGRAM$fTESTPROGRAM Silver$uhttp://localhost/services/testprogram/docs/TESTPROGRAMProgramStatement.pdf
=583  \\$acompleteness reviewed$c20190531$fTESTPROGRAM$fTESTPROGRAM Silver$ivolume level$lmissing volumes$zmissing (1983), (1985)-(1988)
=561  \\$aTESTINST1
=852  0\$aTESTINST1$bHDC$ctestprogram-trust$hF869 .L83 F63
=866  30$80$a(1984)

