=LDR  00684nx  a22001931n 4500
=003  TestILS
=004  991025189579703841
=007  ta
=001  221171327010003841
=008  2105160u\\\\0\\\0000ba\\\0\\\\\\
=005  20210520081217.42
=022  \\$a1353-4211
=035  \\$a(OCoLC)36627094
=245  10$aFinancial technology review.
=583  \\$acommitted to retain$c20210514$d20351231$fTESTPROGRAM$fTESTPROGRAM Gold$uhttp://localhost/services/testprogram/docs/TESTPROGRAMProgramStatement.pdf
=583  \\$acompleteness reviewed$c20210514$fTESTPROGRAM$fTESTPROGRAM Gold$iissue level$lmissing issues$zmissing (1993)
=583  \\$acondition reviewed$c20210514$fTESTPROGRAM$fTESTPROGRAM Gold$iissue level
=561  \\$aTESTINST1
=852  0\$aTESTINST1$bHDC$ctestprogram-trust$hHG173$i.F52x
=866  30$80$a(1994)-(1998)

