=LDR  00650nx  a22001931n 4500
=003  TestILS
=004  991027141229703841
=007  ta
=001  221171326740003841
=008  2105170u\\\\0\\\0000ba\\\0\\\\\\
=005  20210520081217.69
=022  \\$a1013-7939
=035  \\$a(OCoLC)7337720
=245  00$aRevista de la Academia Boliviana de Ciencias Económicas.
=583  \\$acommitted to retain$c20210514$d20351231$fTESTPROGRAM$fTESTPROGRAM Gold$uhttp://localhost/services/testprogram/docs/TESTPROGRAMProgramStatement.pdf
=583  \\$acompleteness reviewed$c20210514$fTESTPROGRAM$fTESTPROGRAM Gold$iissue level
=583  \\$acondition reviewed$c20210514$fTESTPROGRAM$fTESTPROGRAM Gold$iissue level
=561  \\$aTESTINST1
=852  0\$aTESTINST1$bHDC$ctestprogram-trust$hHC181$i.R44
=866  30$80$a(1980)-(1981)

