=LDR  00634nx  a22001811n 4500
=003  TestILS
=004  991027129849703841
=007  ta
=001  221122167390003841
=008  1908165u\\\\0\\\0000ba\\\0\\\\\\
=005  20210520081217.69
=035  \\$a(OCoLC)7214250
=245  14$aThe Eighteenth century.
=583  \\$acommitted to retain$c20190823$dDecember 31, 2035$fTESTPROGRAM$fTESTPROGRAM Gold$uhttp://localhost/services/testprogram/docs/TESTPROGRAMProgramStatement.pdf
=583  \\$acompleteness reviewed$c20190823$fTESTPROGRAM$fTESTPROGRAM Gold$iissue level
=583  \\$acondition reviewed$c20190823$fTESTPROGRAM$fTESTPROGRAM Gold$iissue level
=561  \\$aTESTINST1
=852  0\$aTESTINST1$bHDC$ctestprogram-trust$hCB411$i.E32x
=866  30$80$a(1970)-(1974)

