=LDR  00499ny  a22001693n 4500
=003  TestILS
=004  991011752699703841
=005  20210520081217.55
=001  221156768220003841
=007  ta
=008  2011130u\\\\0\\\0000ba\\\0\\\\\\
=022  \\$a0043-4078
=035  \\$a(OCoLC)1769755
=245  04$aThe Western political quarterly.
=561  \\$aTESTINST1
=583  \\$acommitted to retain$c20201113$d20351231$fTESTPROGRAM$fTESTPROGRAM Bronze$uhttp://localhost/services/testprogram/docs/TESTPROGRAMProgramStatement.pdf
=852  0\$aTESTINST1$bHDC$ctestprogram-trust$hJA1$i.W4
=866  30$80$a1(1948)-43(1990)

