=LDR  00724ny  a22002293n 4500
=001  22873023990003841
=003  TestILS
=004  991007511159703841
=005  20210520081217.49
=007  ta
=008  1505270u\\\\0\\\0001ba\\\0\\\\\\\\\\\\\\
=014  1\$a25538987$bOCoLC
=022  0\$a1062-6050
=030  \\$aJATTEJ
=035  \\$a(OCoLC)25538987
=035  \\$a(TestILS)c13605896-01asu_inst
=245  00$aJournal of athletic training.
=561  \\$aTESTINST1
=583  \\$acommitted to retain$c20150527$dDecember 31, 2035$fTESTPROGRAM$fTESTPROGRAM Silver$uhttp://localhost/services/testprogram/docs/TESTPROGRAMProgramStatement.pdf
=583  \\$acompleteness reviewed$c20150527$fTESTPROGRAM$fTESTPROGRAM Silver$ivolume-level
=852  0\$aTESTINST1$bHDC$ctestprogram-trust
=866  30$80$a27(1992)-40(2005)
=867  30$80$a30(1995)-40(2005)

