=LDR  00751    a2200205 n 4500
=001  22876168920003841
=003  TestILS
=004  991033407009703841
=005  20210520081218.00
=007  ta
=008  1605010u\\\\0\\\0001ba\\\0\\\\\\\\\\\\\\
=014  1\$a5821276$bOCoLC
=035  \\$a(OCoLC)5821276
=035  \\$a(TestILS)c1379193x-01asu_inst
=245  10$aBulletin & annales de la Société entomologique de Belgique.
=561  \\$aTESTINST1
=583  \\$acommitted to retain$c20160501$dDecember 31, 2035$fTESTPROGRAM$fTESTPROGRAM Gold$uhttp://localhost/services/testprogram/docs/TESTPROGRAMProgramStatement.pdf
=583  \\$acompleteness reviewed$c20160501$fTESTPROGRAM$fTESTPROGRAM Gold$iissue-level
=583  \\$acondition reviewed$c20160501$fTESTPROGRAM$fTESTPROGRAM Gold$iissue-level$lmarginalia$zv.71-72 marginalia
=852  0\$aTESTINST1$bHDC$ctestprogram-trust$hQL461$i.S45
=866  30$80$a65(1925)-90(1954)

