=LDR  00664nx  a22001931n 4500
=003  TestILS
=004  991004856079703841
=007  ta
=001  221132129880003841
=008  1912315u\\\\0\\\0000ba\\\0\\\\\\
=005  20210520081218.10
=022  \\$a1057-2899
=035  \\$a(OCoLC)24001007
=245  00$aMLA directory of scholarly presses in language and literature.
=583  \\$acommitted to retain$c20191231$dDecember 31, 2035$fTESTPROGRAM$fTESTPROGRAM Gold$uhttp://localhost/services/testprogram/docs/TESTPROGRAMProgramStatement.pdf
=583  \\$acompleteness reviewed$c20191231$fTESTPROGRAM$fTESTPROGRAM Gold$iissue level
=583  \\$acondition reviewed$c20191231$fTESTPROGRAM$fTESTPROGRAM Gold$iissue level
=561  \\$aTESTINST1
=852  0\$aTESTINST1$bHDC$ctestprogram-trust$hZ286.S37$iM53x
=866  30$80$a(1991), (1996)

