=LDR  00706    a2200205 n 4500
=001  22839070820003841
=003  TestILS
=004  991027149279703841
=005  20210520081217.69
=007  ta
=008  1605010u\\\\0\\\0001ba\\\0\\\\\\\\\\\\\\
=014  1\$a7409636$bOCoLC
=035  \\$a(OCoLC)7409636
=035  \\$a(TestILS)c13785746-01asu_inst
=245  04$aThe Journal of the AERT /$cAssociation for Education by Radio-Television.
=561  \\$aTESTINST1
=583  \\$acommitted to retain$c20160501$dDecember 31, 2035$fTESTPROGRAM$fTESTPROGRAM Gold$uhttp://localhost/services/testprogram/docs/TESTPROGRAMProgramStatement.pdf
=583  \\$acompleteness reviewed$c20160501$fTESTPROGRAM$fTESTPROGRAM Gold$iissue-level
=583  \\$acondition reviewed$c20160501$fTESTPROGRAM$fTESTPROGRAM Gold$iissue-level
=852  0\$aTESTINST1$bHDC$ctestprogram-trust
=866  30$80$a13(1953)-15(1956)

