=LDR  00928    a2200253 n 4500
=001  22955641670003841
=003  TestILS
=004  991011488559703841
=005  20210520081217.44
=007  ta
=008  1404300u\\\\0\\\0001ba\\\0\\\\\\\\\\\\\\
=014  1\$a1514045$bOCoLC
=022  \\$a0004-1343
=035  \\$a(OCoLC)1514045
=035  \\$a(TestILS)c13401282-01asu_inst
=245  00$aAriel.$bAriʼel.
=561  \\$aTESTINST1
=561  \\$aAZU
=561  \\$aAZU
=583  \\$acommitted to retain$c20140430$dDecember 31, 2035$fTESTPROGRAM$fTESTPROGRAM Gold$uhttp://localhost/services/testprogram/docs/TESTPROGRAMProgramStatement.pdf
=583  \\$acompleteness reviewed$c20140430$fTESTPROGRAM$fTESTPROGRAM Gold$iissue-level$lmissing issues$zmissing no.79, 97, 102-110
=583  \\$acondition reviewed$c20140430$fTESTPROGRAM$fTESTPROGRAM Gold$iissue-level
=852  0\$aTESTINST1$bHDC$ctestprogram-trust$hAP8$i.A68
=866  30$80$ano.1(1962)-78(1989), 80(1990)-96(1994), 98(1994)-101(1995), 111(1999)-115(2003)
=868  30$80$ano.1(1962)-30(1972)

