=LDR  00792    a2200229 n 4500
=001  22846203960003841
=003  TestILS
=004  991011854599703841
=005  20210520081217.38
=007  ta
=008  1505270u\\\\0\\\0001ba\\\0\\\\\\\\\\\\\\
=014  1\$a1978304$bOCoLC
=022  \\$a0315-8977
=030  \\$aTCMEAP
=035  \\$a(OCoLC)1978304
=035  \\$a(TestILS)c1360594x-01asu_inst
=245  00$aTransactions of the Canadian Society for Mechanical Engineering =$bTransactions de la Société canadienne de génie mécanique.
=561  \\$aTESTINST1
=583  \\$acommitted to retain$c20150527$dDecember 31, 2035$fTESTPROGRAM$fTESTPROGRAM Gold$uhttp://localhost/services/testprogram/docs/TESTPROGRAMProgramStatement.pdf
=583  \\$acompleteness reviewed$c20150527$fTESTPROGRAM$fTESTPROGRAM Gold$iissue-level$lmissing volumes$zmissing vols. 26-29
=583  \\$acondition reviewed$c20150527$fTESTPROGRAM$fTESTPROGRAM Gold$iissue-level
=852  0\$aTESTINST1$bHDC$ctestprogram-trust
=866  30$80$a1(1972)-25(2002)

