=LDR  00721ny  a22002413n 4500
=001  22953511230003841
=003  TestILS
=004  991020815609703841
=005  20210520081217.84
=007  ta
=008  1404160u\\\\0\\\0001ba\\\0\\\\\\\\\\\\\\
=014  1\$a4304746$bOCoLC
=022  \\$a0735-3766
=035  \\$a(OCoLC)4304746
=035  \\$a(TestILS)c13382457-01asu_inst
=245  00$aJournal of business logistics.
=561  \\$aTESTINST1
=561  \\$aOKU
=561  \\$aIYU
=561  \\$aCSJ
=583  \\$acommitted to retain$c20140416$dDecember 31, 2035$fTESTPROGRAM$fTESTPROGRAM Silver$uhttp://localhost/services/testprogram/docs/TESTPROGRAMProgramStatement.pdf
=583  \\$acompleteness reviewed$c20140416$fTESTPROGRAM$fTESTPROGRAM Silver$ivolume-level
=852  0\$aTESTINST1$bHDC$ctestprogram-trust
=866  30$80$a1(1978)-26(2005)

