=LDR  00684ny  a22002053n 4500
=001  22918801510003841
=003  TestILS
=004  991028681599703841
=005  20210520081217.81
=007  ta
=008  1505220u\\\\0\\\0001ba\\\0\\\\\\\\\\\\\\
=014  1\$a2450461$bOCoLC
=022  \\$a0048-9794$l0048-9794
=035  \\$a(OCoLC)2450461
=035  \\$a(TestILS)c13605021-01asu_inst
=245  00$aScottish literary news.
=561  \\$aOKU
=583  \\$acommitted to retain$c20150522$dDecember 31, 2035$fTESTPROGRAM$fTESTPROGRAM Silver$uhttp://localhost/services/testprogram/docs/TESTPROGRAMProgramStatement.pdf
=583  \\$acompleteness reviewed$c20150522$fTESTPROGRAM$fTESTPROGRAM Silver$ivolume-level
=852  0\$aTESTINST1$bHDC$ctestprogram-trust$hPR8502$i.S3
=866  30$80$a1(1970)-3(1974)

