=LDR  00806    a2200229 n 4500
=001  22850944310003841
=003  TestILS
=004  991011828019703841
=005  20210520081217.75
=007  ta
=008  1404160u\\\\0\\\0001ba\\\0\\\\\\\\\\\\\\
=014  1\$a1795819$bOCoLC
=022  \\$a0094-8705
=035  \\$a(OCoLC)1795819
=035  \\$a(TestILS)c13401749-01asu_inst
=245  00$aJournal of the philosophy of sport.
=561  \\$aTESTINST1
=561  \\$aCUF
=583  \\$acommitted to retain$c20140416$dDecember 31, 2035$fTESTPROGRAM$fTESTPROGRAM Gold$uhttp://localhost/services/testprogram/docs/TESTPROGRAMProgramStatement.pdf
=583  \\$acompleteness reviewed$c20140416$fTESTPROGRAM$fTESTPROGRAM Gold$iissue-level
=583  \\$acondition reviewed$c20140416$fTESTPROGRAM$fTESTPROGRAM Gold$iissue-level$lunderlining/marginalia$zunderlining/marginalia vol. 4
=852  0\$aTESTINST1$bHDC$ctestprogram-trust
=866  30$80$a1(1974)-32(2005)

