=LDR  00746nx  a22001931n 4500
=003  TestILS
=004  991033890169703841
=007  ta
=001  221153822060003841
=008  2103295u\\\\0\\\0000ba\\\0\\\\\\
=005  20210520081218.00
=022  \\$a0749-310X
=035  \\$a(OCoLC)11110139
=245  10$aFamily safety and health.
=583  \\$acommitted to retain$c20210512$d20351231$fTESTPROGRAM$fTESTPROGRAM Gold$uhttp://localhost/services/testprogram/docs/TESTPROGRAMProgramStatement.pdf
=583  \\$acompleteness reviewed$c20210512$fTESTPROGRAM$fTESTPROGRAM Gold$iissue level$lmissing issues$zmissing issues v.58:2(1999), v.62:4(2003/04), v.68:3(2009)
=583  \\$acondition reviewed$c20210512$fTESTPROGRAM$fTESTPROGRAM Gold$iissue level
=561  \\$aTESTINST1
=852  0\$aTESTINST1$bHDC$ctestprogram-trust$hTX150$i.F2
=866  30$80$a42, no. 4(1983/84)-75, no.3(2016)

