=LDR  00791    a2200217 n 4500
=001  22823582400003841
=003  TestILS
=004  991027142469703841
=005  20210520081217.69
=007  ta
=008  1705080u\\\\0\\\0001ba\\\0\\\\\\\\\\\\\\
=014  1\$a7352070$bOCoLC
=022  \\$a0764-8138
=035  \\$a(OCoLC)7352070
=035  \\$a(TestILS)c14125080-01asu_inst
=245  02$aL'Année politique, économique et sociale en France.
=561  \\$aTESTINST1
=583  \\$acommitted to retain$c20170508$dDecember 31, 2035$fTESTPROGRAM$fTESTPROGRAM Gold$uhttp://localhost/services/testprogram/docs/TESTPROGRAMProgramStatement.pdf
=583  \\$acompleteness reviewed$c20170508$fTESTPROGRAM$fTESTPROGRAM Gold$iissue-level$lmissing volumes$zmissing 2000-2001
=583  \\$acondition reviewed$c20170508$fTESTPROGRAM$fTESTPROGRAM Gold$iissue-level
=852  0\$aTESTINST1$bHDC$ctestprogram-trust$hDC398$i.A6
=866  30$80$a(1979)-(1999), (2002)-(2005)

