=LDR  00711ny  a22001933n 4500
=001  22908353190003841
=003  TestILS
=004  991038889029703841
=005  20210520081217.54
=007  ta
=008  1705080u\\\\0\\\0001ba\\\0\\\\\\\\\\\\\\
=014  1\$a9138838$bOCoLC
=035  \\$a(OCoLC)9138838
=035  \\$a(TestILS)c14148109-01asu_inst
=245  00$aConstruction equipment and materials.
=561  \\$aTESTINST1
=583  \\$acommitted to retain$c20170508$dDecember 31, 2035$fTESTPROGRAM$fTESTPROGRAM Silver$uhttp://localhost/services/testprogram/docs/TESTPROGRAMProgramStatement.pdf
=583  \\$acompleteness reviewed$c20170508$fTESTPROGRAM$fTESTPROGRAM Silver$ivolume-level$lmissing volumes$zmissing v.1-27; v.28:1,4-6; v.29-30
=852  0\$aTESTINST1$bHDC$ctestprogram-trust$hTA1$i.C63
=866  30$80$a28(1963), 31(1965)-40(1969)

