=LDR  00580nx  a22001691n 4500
=003  TestILS
=004  991025103139703841
=007  ta
=001  221064210610003841
=008  1805040u\\\\0\\\0000ba\\\0\\\\\\
=005  20210520081217.41
=035  \\$a(OCoLC)6466574
=245  00$aMexican American review.
=583  \\$acommitted to retain$c20180504$dDecember 31, 2035$fTESTPROGRAM$fTESTPROGRAM Silver$uhttp://localhost/services/testprogram/docs/TESTPROGRAMProgramStatement.pdf
=583  \\$acompleteness reviewed$c20180504$fTESTPROGRAM$fTESTPROGRAM Silver$ivolume level
=561  \\$aTESTINST1
=852  0\$aTESTINST1$bHDC$ctestprogram-trust$hF1201 .M435
=866  30$80$a47, no.11(1979)-51, no.8(1983)

