=LDR  00738    a2200217 n 4500
=001  22919666540003841
=003  TestILS
=004  991016518729703841
=005  20210520081218.10
=007  ta
=008  1306040u\\\\0\\\0001ba\\\0\\\\\\\\\\\\\\
=014  1\$a2953924$bOCoLC
=035  \\$a(OCoLC)2953924
=035  \\$a(TestILS)c13182936-01asu_inst
=245  10$aBank of London & South America review.
=561  \\$aTESTINST1
=561  \\$aUBY
=583  \\$acommitted to retain$c20130604$dDecember 31, 2035$fTESTPROGRAM$fTESTPROGRAM Gold$uhttp://localhost/services/testprogram/docs/TESTPROGRAMProgramStatement.pdf
=583  \\$acompleteness reviewed$c20130604$fTESTPROGRAM$fTESTPROGRAM Gold$iissue-level
=583  \\$acondition reviewed$c20130604$fTESTPROGRAM$fTESTPROGRAM Gold$iissue-level
=852  0\$aTESTINST1$bHDC$ctestprogram-trust$hHC121.A1$iB3
=866  30$80$a2(1968)-5(1971)

