=LDR  00640nx  a22001811n 4500
=003  TestILS
=004  991044934819703841
=007  ta
=001  221135268860003841
=008  2001295u\\\\0\\\0000ba\\\0\\\\\\
=005  20210520081218.06
=035  \\$a(OCoLC)12735208
=245  10$aBulletin.
=583  \\$acommitted to retain$c20200129$dDecember 31, 2035$fTESTPROGRAM$fTESTPROGRAM Gold$uhttp://localhost/services/testprogram/docs/TESTPROGRAMProgramStatement.pdf
=583  \\$acompleteness reviewed$c20200129$fTESTPROGRAM$fTESTPROGRAM Gold$iissue level
=583  \\$acondition reviewed$c20200129$fTESTPROGRAM$fTESTPROGRAM Gold$iissue level
=561  \\$aTESTINST1
=852  0\$aTESTINST1$bHDC$ctestprogram-trust$hGA192$i.S64x
=866  30$80$ano.1(1947)-7(1950)

