=LDR  00841nx  a22001931n 4500
=003  TestILS
=004  991008754139703841
=007  ta
=001  221136859670003841
=008  2002195u\\\\0\\\0000ba\\\0\\\\\\
=005  20210520081217.53
=022  \\$a0079-0303
=035  \\$a(OCoLC)1159187
=245  00$aPapers of the Peabody Museum of Archaeology and Ethnology, Harvard University.
=583  \\$acommitted to retain$c20200219$dDecember 31, 2035$fTESTPROGRAM$fTESTPROGRAM Gold$uhttp://localhost/services/testprogram/docs/TESTPROGRAMProgramStatement.pdf
=583  \\$acompleteness reviewed$c20200219$fTESTPROGRAM$fTESTPROGRAM Gold$iissue level$lreprints$zv.53(1961) reprint$lmissing issues$zmissing v.56, v.67-68, 76-77, 79, 81, 84+
=583  \\$acondition reviewed$c20200129$fTESTPROGRAM$fTESTPROGRAM Gold$iissue level
=561  \\$aTESTINST1
=852  0\$aTESTINST1$bHDC$ctestprogram-trust$hE51$i.H337
=866  30$80$a49, no. 2(1954)-55, no.1(1964), 57(1966)-66(1969), 69(1978)-75(1987), 78(1988), 80(1994), 82(1995)-83(2001)

