=LDR  00638nx  a22001811n 4500
=003  TestILS
=004  991003899099703841
=007  ta
=001  221157080710003841
=008  2011240u\\\\0\\\0000ba\\\0\\\\\\
=005  20210520081218.09
=022  \\$a1098-9544
=035  \\$a(OCoLC)38545349
=245  00$aWhat's new.
=583  \\$acommitted to retain$c20201124$dDecember 31, 2035$fTESTPROGRAM$fTESTPROGRAM Silver$uhttp://localhost/services/testprogram/docs/TESTPROGRAMProgramStatement.pdf
=583  \\$acompleteness reviewed$c20201124$fTESTPROGRAM$fTESTPROGRAM Silver$ivolume level$lmissing volumes$zmissing v.31(1997/98)
=561  \\$aTESTINST1
=852  0\$aTESTINST1$bHDC$ctestprogram-trust$hTX1$i.W45
=866  30$80$a32(1998)-38, no.2(2004)

