=LDR  00850ny  a22002293n 4500
=001  22953511710003841
=003  TestILS
=004  991011709389703841
=005  20210520081217.87
=007  ta
=008  1305220u\\\\0\\\0001ba\\\0\\\\\\\\\\\\\\
=014  1\$a1761014$bOCoLC
=022  \\$a0029-8182
=030  \\$aOCEAAK
=035  \\$a(OCoLC)1761014
=035  \\$a(TestILS)c13180587-01asu_inst
=245  00$aOceanus.
=561  \\$aTESTINST1
=561  \\$aOKU
=583  \\$acommitted to retain$c20130522$dDecember 31, 2035$fTESTPROGRAM$fTESTPROGRAM Silver$uhttp://localhost/services/testprogram/docs/TESTPROGRAMProgramStatement.pdf
=583  \\$acompleteness reviewed$c20130522$fTESTPROGRAM$fTESTPROGRAM Silver$ivolume-level$lmissing volumes$zmissing vols. 1, 4, 7-15, 37, 40 issue 2-4
=852  0\$aTESTINST1$bHDC$ctestprogram-trust$hGC1$i.O35
=866  30$80$a2(1953/1954)-3(1954/1955), 5(1956/1957)-6(1958/1960), 16(1972)-36(1993), 38(1995)-44(2005)

