=LDR  00730    a2200217 n 4500
=001  22831314730003841
=003  TestILS
=004  991014218059703841
=005  20210520081218.15
=007  ta
=008  1505060u\\\\0\\\0001ba\\\0\\\\\\\\\\\\\\
=014  1\$a2714025$bOCoLC
=022  \\$a0317-204X
=035  \\$a(OCoLC)2714025
=035  \\$a(TestILS)c13597772-01asu_inst
=245  04$aThe Canadian-American review of Hungarian studies.
=561  \\$aTESTINST1
=583  \\$acommitted to retain$c20150506$dDecember 31, 2035$fTESTPROGRAM$fTESTPROGRAM Gold$uhttp://localhost/services/testprogram/docs/TESTPROGRAMProgramStatement.pdf
=583  \\$acompleteness reviewed$c20150506$fTESTPROGRAM$fTESTPROGRAM Gold$iissue-level
=583  \\$acondition reviewed$c20150506$fTESTPROGRAM$fTESTPROGRAM Gold$iissue-level
=852  0\$aTESTINST1$bHDC$ctestprogram-trust
=866  30$80$a1(1974)-7(1980)

