=LDR  00719    a2200205 n 4500
=001  22916710900003841
=003  TestILS
=004  991011649679703841
=005  20210520081217.61
=007  ta
=008  1405080u\\\\0\\\0001ba\\\0\\\\\\\\\\\\\\
=014  1\$a1713569$bOCoLC
=035  \\$a(OCoLC)1713569
=035  \\$a(TestILS)c13402857-01asu_inst
=245  10$aGrowth of crystals.
=561  \\$aTESTINST1
=583  \\$acommitted to retain$c20140508$dDecember 31, 2035$fTESTPROGRAM$fTESTPROGRAM Gold$uhttp://localhost/services/testprogram/docs/TESTPROGRAMProgramStatement.pdf
=583  \\$acompleteness reviewed$c20140508$fTESTPROGRAM$fTESTPROGRAM Gold$iissue-level
=583  \\$acondition reviewed$c20140508$fTESTPROGRAM$fTESTPROGRAM Gold$iissue-level
=852  0\$aTESTINST1$bHDC$ctestprogram-trust$hQD921$i.R633
=866  30$80$a1(1959)-21(2002)

