=LDR  00661ny  a22002053n 4500
=001  22954491020003841
=003  TestILS
=004  991011484079703841
=005  20210520081217.68
=007  ta
=008  1404160u\\\\0\\\0001ba\\\0\\\\\\\\\\\\\\
=014  1\$a1481853$bOCoLC
=022  \\$a0001-0189
=035  \\$a(OCoLC)1481853
=035  \\$a(TestILS)c13395865-01asu_inst
=245  10$aAAQ. Architectural Association quarterly.
=561  \\$aTESTINST1
=583  \\$acommitted to retain$c20140416$dDecember 31, 2035$fTESTPROGRAM$fTESTPROGRAM Silver$uhttp://localhost/services/testprogram/docs/TESTPROGRAMProgramStatement.pdf
=583  \\$acompleteness reviewed$c20140416$fTESTPROGRAM$fTESTPROGRAM Silver$ivolume-level
=852  0\$aTESTINST1$bHDC$ctestprogram-trust
=866  30$80$a1(1968)-13(1982)

