=LDR  00728    a2200217 n 4500
=001  22933871950003841
=003  TestILS
=004  991011526419703841
=005  20210520081217.94
=007  ta
=008  1403240u\\\\0\\\0001ba\\\0\\\\\\\\\\\\\\
=014  1\$a1564215$bOCoLC
=022  \\$a0069-6307
=035  \\$a(OCoLC)1564215
=035  \\$a(TestILS)c13379707-01asu_inst
=245  00$aColumbia essays in international affairs:$bThe Dean's papers.
=561  \\$aTESTINST1
=583  \\$acommitted to retain$c20140324$dDecember 31, 2035$fTESTPROGRAM$fTESTPROGRAM Gold$uhttp://localhost/services/testprogram/docs/TESTPROGRAMProgramStatement.pdf
=583  \\$acompleteness reviewed$c20140324$fTESTPROGRAM$fTESTPROGRAM Gold$iissue-level
=583  \\$acondition reviewed$c20140324$fTESTPROGRAM$fTESTPROGRAM Gold$iissue-level
=852  0\$aTESTINST1$bHDC$ctestprogram-trust
=866  30$80$a 1965)-(1971)

