=LDR  00685nx  a22002051n 4500
=003  TestILS
=004  991016547929703841
=007  ta
=001  221114788430003841
=008  1908140u\\\\0\\\0000ba\\\0\\\\\\
=005  20210520081218.18
=022  \\$a0732-8435
=035  \\$a(OCoLC)3342314
=245  14$aThe CPA journal.
=583  \\$acommitted to retain$c20190814$dDecember 31, 2035$fTESTPROGRAM$fTESTPROGRAM Silver$uhttp://localhost/services/testprogram/docs/TESTPROGRAMProgramStatement.pdf
=583  \\$acompleteness reviewed$c20190814$fTESTPROGRAM$fTESTPROGRAM Silver$ivolume level$lmissing volumes$zmissing
=561  \\$aTESTINST1
=852  0\$aTESTINST1$bHDC$ctestprogram-trust$hHF5601$i.N4x
=866  30$80$a71(2001)-79(2009)
=867  30$80$a75(2005)-78(2008)
=868  30$80$a75(2005)

