=LDR  00680ny  a22002053n 4500
=001  22928816880003841
=003  TestILS
=004  991012195509703841
=005  20210520081217.62
=007  ta
=008  1410080u\\\\0\\\0001ba\\\0\\\\\\\\\\\\\\
=014  1\$a31406150$bOCoLC
=022  0\$a1079-4255
=035  \\$a(OCoLC)31406150
=035  \\$a(TestILS)c13547021-01asu_inst
=245  00$aAZB, Arizona business.
=561  \\$aTESTINST1
=583  \\$acommitted to retain$c20141008$dDecember 31, 2035$fTESTPROGRAM$fTESTPROGRAM Silver$uhttp://localhost/services/testprogram/docs/TESTPROGRAMProgramStatement.pdf
=583  \\$acompleteness reviewed$c20141008$fTESTPROGRAM$fTESTPROGRAM Silver$ivolume-level
=852  0\$aTESTINST1$bHDC$ctestprogram-trust$hHC107.A6$iA766
=866  30$80$a42(1995)-51(2004)

