=LDR  00697ny  a22002173n 4500
=001  22881070320003841
=003  TestILS
=004  991018841299703841
=005  20210520081217.71
=007  ta
=008  1305030u\\\\0\\\0001ba\\\0\\\\\\\\\\\\\\
=014  1\$a3838812$bOCoLC
=022  0\$a0749-4025
=035  \\$a(OCoLC)3838812
=035  \\$a(TestILS)c13150327-01asu_inst
=245  04$aThe journal of classroom interaction.
=561  \\$aTESTINST1
=561  \\$aORE
=583  \\$acommitted to retain$c20130503$dDecember 31, 2035$fTESTPROGRAM$fTESTPROGRAM Silver$uhttp://localhost/services/testprogram/docs/TESTPROGRAMProgramStatement.pdf
=583  \\$acompleteness reviewed$c20130503$fTESTPROGRAM$fTESTPROGRAM Silver$ivolume-level
=852  0\$aTESTINST1$bHDC$ctestprogram-trust$hLB1084$i.J68x
=866  30$80$a12(1976)-40(2005)

