=LDR  00636nx  a22001811n 4500
=003  TestILS
=004  991010164889703841
=007  ta
=001  221126308980003841
=008  1908165u\\\\0\\\0000ba\\\0\\\\\\
=005  20210520081217.96
=035  \\$a(OCoLC)27899802
=245  00$aMorningstar mutual fund sourcebook.
=583  \\$acommitted to retain$c20190823$dDecember 31, 2035$fTESTPROGRAM$fTESTPROGRAM Gold$uhttp://localhost/services/testprogram/docs/TESTPROGRAMProgramStatement.pdf
=583  \\$acompleteness reviewed$c20190823$fTESTPROGRAM$fTESTPROGRAM Gold$iissue level
=583  \\$acondition reviewed$c20190823$fTESTPROGRAM$fTESTPROGRAM Gold$iissue level
=561  \\$aTESTINST1
=852  0\$aTESTINST1$bHDC$ctestprogram-trust$hHG4930$i.M855
=866  30$80$a(1993)-(1994)

