=LDR  00689ny  a22002173n 4500
=001  22893770850003841
=003  TestILS
=004  991001737979703841
=005  20210520081217.78
=007  ta
=008  1206190u\\\\0\\\0001ba\\\0\\\\\\\\\\\\\\
=014  1\$a34435526$bOCoLC
=022  \\$a1364-503X
=030  \\$aPTMSFB
=035  \\$a(OCoLC)34435526
=035  \\$a(TestILS)c12805993-01asu_inst
=245  00$aPhilosophical transactions.$nSeries A,$pMathematical, physical, and engineering sciences.
=561  \\$aTESTINST1
=583  \\$acommitted to retain$c20120619$dDecember 31, 2035$fTESTPROGRAM$fTESTPROGRAM Silver$uhttp://localhost/services/testprogram/docs/TESTPROGRAMProgramStatement.pdf
=583  \\$acompleteness reviewed$c20120619$fTESTPROGRAM$fTESTPROGRAM Silver$ivolume-level
=852  0\$aTESTINST1$bHDC$ctestprogram-trust
=866  30$80$a354(1996)-363(2005)

