=LDR  00628nx  a22001811n 4500
=003  TestILS
=004  991014160049703841
=007  ta
=001  221111809170003841
=008  1906100u\\\\0\\\0000ba\\\0\\\\\\
=005  20210520081217.63
=022  \\$a0307-6164
=035  \\$a(OCoLC)2316299
=245  00$aBritish plastics and rubber.
=583  \\$acommitted to retain$c20190610$dDecember 31, 2035$fTESTPROGRAM$fTESTPROGRAM Silver$uhttp://localhost/services/testprogram/docs/TESTPROGRAMProgramStatement.pdf
=583  \\$acompleteness reviewed$c20190610$fTESTPROGRAM$fTESTPROGRAM Silver$ivolume level$lmissing volumes$zmissing 1994-2015
=561  \\$aTESTINST1
=852  0\$aTESTINST1$bHDC$ctestprogram-trust$hTP1101$i.P562x
=866  30$80$a(1975)-(1993)

