=LDR  00758ny  a22002293n 4500
=001  22904713170003841
=003  TestILS
=004  991022883569703841
=005  20210520081217.76
=007  ta
=008  1207100u\\\\0\\\0001ba\\\0\\\\\\\\\\\\\\
=014  1\$a5622612$bOCoLC
=022  \\$a0038-3082
=035  \\$a(OCoLC)5622612
=035  \\$a(TestILS)c12809226-01asu_inst
=245  00$aSouth Carolina historical magazine.
=561  \\$aTESTINST1
=561  \\$aUUM
=583  \\$acommitted to retain$c20120710$dDecember 31, 2035$fTESTPROGRAM$fTESTPROGRAM Silver$uhttp://localhost/services/testprogram/docs/TESTPROGRAMProgramStatement.pdf
=583  \\$acompleteness reviewed$c20120710$fTESTPROGRAM$fTESTPROGRAM Silver$ivolume-level$lmissing volumes$zmissing vols. 53-60
=852  0\$aTESTINST1$bHDC$ctestprogram-trust
=866  30$80$a61(1960)-106(2005)
=868  30$80$a70(1970)-80(1979)

