=LDR  00828ny  a22002293n 4500
=001  22925804270003841
=003  TestILS
=004  991014181599703841
=005  20210520081217.93
=007  ta
=008  1306110u\\\\0\\\0001ba\\\0\\\\\\\\\\\\\\
=014  1\$a2449317$bOCoLC
=022  \\$a0030-4727
=035  \\$a(OCoLC)2449317
=035  \\$a(TestILS)c13184398-01asu_inst
=245  00$aOregon historical quarterly.
=561  \\$aTESTINST1
=561  \\$aCUF
=583  \\$acommitted to retain$c20130611$dDecember 31, 2035$fTESTPROGRAM$fTESTPROGRAM Silver$uhttp://localhost/services/testprogram/docs/TESTPROGRAMProgramStatement.pdf
=583  \\$acompleteness reviewed$c20130611$fTESTPROGRAM$fTESTPROGRAM Silver$ivolume-level$lbinding patterns vary$zfor vols. 55-58, 76-77 two volumes bound together as single piece
=852  0\$aTESTINST1$bHDC$ctestprogram-trust$hF871$i.O47
=866  30$80$a27, no.3(1926)-106(2005)
=868  30$80$a41(1940)-61(1960)

