=LDR  00634nx  a22001811n 4500
=003  TestILS
=004  991028912789703841
=007  ta
=001  221150189640003841
=008  1805235u\\\\0\\\0000ba\\\0\\\\\\
=005  20210520081218.20
=035  \\$a(OCoLC)8429605
=245  10$aAnnual conference proceedings /$cTravel and Tourism Research Association.
=583  \\$acommitted to retain$c20180523$dDecember 31, 2035$fTESTPROGRAM$fTESTPROGRAM Gold$uhttp://localhost/services/testprogram/docs/TESTPROGRAMProgramStatement.pdf
=583  \\$acompleteness reviewed$c20180523$fTESTPROGRAM$fTESTPROGRAM Gold$iissue level
=583  \\$acondition reviewed$c20180523$fTESTPROGRAM$fTESTPROGRAM Gold$iissue level
=561  \\$aTESTINST1
=852  0\$aTESTINST1$bHDC$ctestprogram-trust$hG149.5$i.T73a
=866  30$80$ano. 12(1981)

