=LDR  00734    a2200217 n 4500
=001  22816492800003841
=003  TestILS
=004  991011517599703841
=005  20210520081217.45
=007  ta
=008  1405080u\\\\0\\\0001ba\\\0\\\\\\\\\\\\\\
=014  1\$a1553508$bOCoLC
=022  \\$a0069-116X
=035  \\$a(OCoLC)1553508
=035  \\$a(TestILS)c13402742-01asu_inst
=245  00$aCatalogus musicus /$cInternationale Vereinigung der Musikbibliotheken ; Internationale Gesellschaft für Musikwissenschaft.
=561  \\$aTESTINST1
=583  \\$acommitted to retain$c20140508$dDecember 31, 2035$fTESTPROGRAM$fTESTPROGRAM Gold$uhttp://localhost/services/testprogram/docs/TESTPROGRAMProgramStatement.pdf
=583  \\$acompleteness reviewed$c20140508$fTESTPROGRAM$fTESTPROGRAM Gold$iissue-level
=583  \\$acondition reviewed$c20140508$fTESTPROGRAM$fTESTPROGRAM Gold$iissue-level
=852  0\$aTESTINST1$bHDC$ctestprogram-trust
=866  30$80$ano.1(1963)-18(2004)

