=LDR  00795ny  a22002293n 4500
=001  22843124230003841
=003  TestILS
=004  991011845839703841
=005  20210520081217.37
=007  ta
=008  1207120u\\\\0\\\0001ba\\\0\\\\\\\\\\\\\\
=014  1\$a1889910$bOCoLC
=022  \\$a0070-0460
=035  \\$a(OCoLC)1889910
=035  \\$a(TestILS)c12809810-01asu_inst
=245  00$aCorpus scriptorum de musica.
=561  \\$aTESTINST1
=561  \\$aAZU
=583  \\$acommitted to retain$c20120712$dDecember 31, 2035$fTESTPROGRAM$fTESTPROGRAM Gold$uhttp://localhost/services/testprogram/docs/TESTPROGRAMProgramStatement.pdf
=583  \\$acompleteness reviewed$c20120712$fTESTPROGRAM$fTESTPROGRAM Gold$iissue-level$lmissing$zmissing v.3:6-7(1973)
=583  \\$acondition reviewed$c20120712$fTESTPROGRAM$fTESTPROGRAM Gold$iissue-level
=852  0\$aTESTINST1$bHDC$ctestprogram-trust$hML170$i.C6
=866  30$80$a1(1950)-42(1997)

