=LDR  00661nx  a22001811n 4500
=003  TestILS
=004  991011572659703841
=007  ta
=001  221065099480003841
=008  1805040u\\\\0\\\0000ba\\\0\\\\\\
=005  20210520081218.06
=022  \\$a0028-0402
=035  \\$a(OCoLC)1587904
=245  00$aNational wildlife.
=583  \\$acommitted to retain$c20180504$dDecember 31, 2035$fTESTPROGRAM$fTESTPROGRAM Silver$uhttp://localhost/services/testprogram/docs/TESTPROGRAMProgramStatement.pdf
=583  \\$acompleteness reviewed$c20180504$fTESTPROGRAM$fTESTPROGRAM Silver$ivolume level$lmissing volumes$zmissing v.1-5; v.6:1-3; v.7:3,5; v.28:2; v.30:2-4
=561  \\$aTESTINST1
=852  0\$aTESTINST1$bHDC$ctestprogram-trust$hS964.U6$iN35
=866  30$80$a6(1968)-44(2006)

