=LDR  00654nx  a22001811n 4500
=003  TestILS
=004  991041202949703841
=007  ta
=001  221067304280003841
=008  1805140u\\\\0\\\0000ba\\\0\\\\\\
=005  20210520081217.59
=022  \\$a1045-263X
=035  \\$a(OCoLC)18946821
=245  10$aSupervisory management.
=583  \\$acommitted to retain$c20180514$dDecember 31, 2035$fTESTPROGRAM$fTESTPROGRAM Silver$uhttp://localhost/services/testprogram/docs/TESTPROGRAMProgramStatement.pdf
=583  \\$acompleteness reviewed$c20180514$fTESTPROGRAM$fTESTPROGRAM Silver$ivolume level$lmissing volumes$zmissing v.37:10; v,38:12; v.40:6
=561  \\$aTESTINST1
=852  0\$aTESTINST1$bHDC$ctestprogram-trust$hHF5549.A2  S9x
=866  30$80$a34(1989)-41, no.3(1996)

