=LDR  00782nx  a22001931n 4500
=003  TestILS
=004  991011864419703841
=007  ta
=001  221153825370003841
=008  2104075u\\\\0\\\0000ba\\\0\\\\\\
=005  20210520081217.39
=022  \\$a0004-4695
=035  \\$a(OCoLC)2064423
=245  00$aAsiatic research bulletin.
=583  \\$acommitted to retain$c20210407$d20351231$fTESTPROGRAM$fTESTPROGRAM Gold$uhttp://localhost/services/testprogram/docs/TESTPROGRAMProgramStatement.pdf
=583  \\$acompleteness reviewed$c20210407$fTESTPROGRAM$fTESTPROGRAM Gold$iissue level$lreprints$zv.1:2(1958) reprint$lmissing issues$zmissing v.1:3-7(1958), v.2:9-10(1959), v.3:1-2(1960), v.4:4(1961), v.4:10(1962)
=583  \\$acondition reviewed$c20210407$fTESTPROGRAM$fTESTPROGRAM Gold$iissue level
=561  \\$aTESTINST1
=852  0\$aTESTINST1$bHDC$ctestprogram-trust$hDS501$i.A84x
=866  30$80$a1(1957)-15(1972)

