=LDR  00785    a2200217 n 4500
=001  22841301330003841
=003  TestILS
=004  991030594099703841
=005  20210520081217.58
=007  ta
=008  1505190u\\\\0\\\0001ba\\\0\\\\\\\\\\\\\\
=014  1\$a9528115$bOCoLC
=022  0\$a0738-9655
=035  \\$a(OCoLC)9528115
=035  \\$a(TestILS)c13604351-01asu_inst
=245  00$aJohn Donne journal :$bstudies in the age of Donne.
=561  \\$aTESTINST1
=583  \\$acommitted to retain$c20150519$dDecember 31, 2035$fTESTPROGRAM$fTESTPROGRAM Gold$uhttp://localhost/services/testprogram/docs/TESTPROGRAMProgramStatement.pdf
=583  \\$acompleteness reviewed$c20150519$fTESTPROGRAM$fTESTPROGRAM Gold$iissue-level$lmissing volumes$zmissing vol. 9-13
=583  \\$acondition reviewed$c20150519$fTESTPROGRAM$fTESTPROGRAM Gold$iissue-level
=852  0\$aTESTINST1$bHDC$ctestprogram-trust
=866  30$80$a1(1982)-8(1989), 14(1995)-24(2005)

