=LDR  00766    a2200217 n 4500
=001  22829991590003841
=003  TestILS
=004  991011796059703841
=005  20210520081217.97
=007  ta
=008  1405150u\\\\0\\\0001ba\\\0\\\\\\\\\\\\\\
=014  1\$a1784381$bOCoLC
=022  \\$a0092-8933
=035  \\$a(OCoLC)1784381
=035  \\$a(TestILS)c13404386-01asu_inst
=245  00$aPolice and law enforcement.
=561  \\$aTESTINST1
=583  \\$acommitted to retain$c20140515$dDecember 31, 2035$fTESTPROGRAM$fTESTPROGRAM Gold$uhttp://localhost/services/testprogram/docs/TESTPROGRAMProgramStatement.pdf
=583  \\$acompleteness reviewed$c20140515$fTESTPROGRAM$fTESTPROGRAM Gold$iissue-level$lmissing volumes$zmissing 3-4
=583  \\$acondition reviewed$c20140515$fTESTPROGRAM$fTESTPROGRAM Gold$iissue-level
=852  0\$aTESTINST1$bHDC$ctestprogram-trust
=866  30$80$a(1972)-(1974), (1987)

