=LDR  00668ny  a22002053n 4500
=001  22920007070003841
=003  TestILS
=004  991025066669703841
=005  20210520081217.43
=007  ta
=008  1206210u\\\\0\\\0001ba\\\0\\\\\\\\\\\\\\
=014  1\$a6067211$bOCoLC
=022  \\$a1529-4560
=035  \\$a(OCoLC)6067211
=035  \\$a(TestILS)c12806328-01asu_inst
=245  00$aBotanical bulletin.
=561  \\$aTESTINST1
=583  \\$acommitted to retain$c20120621$dDecember 31, 2035$fTESTPROGRAM$fTESTPROGRAM Silver$uhttp://localhost/services/testprogram/docs/TESTPROGRAMProgramStatement.pdf
=583  \\$acompleteness reviewed$c20120621$fTESTPROGRAM$fTESTPROGRAM Silver$ivolume-level
=852  0\$aTESTINST1$bHDC$ctestprogram-trust$hQK1$i.B3
=866  30$80$a1(1875/1876)

