=LDR  00764nx  a22002051n 4500
=003  TestILS
=004  991016538489703841
=007  ta
=001  221044117590003841
=008  1711010u\\\\0\\\0001ba\\\0\\\\\\
=005  20210520081218.18
=022  \\$a0147-8176
=035  \\$a(OCoLC)3231116
=245  00$aFodor's Egypt.
=583  \\$acommitted to retain$c20171101$dDecember 31, 2035$fTESTPROGRAM$fTESTPROGRAM Gold$uhttp://localhost/services/testprogram/docs/TESTPROGRAMProgramStatement.pdf
=583  \\$acompleteness reviewed$c20171101$fTESTPROGRAM$fTESTPROGRAM Gold$iissue-level$lmissing volumes$zmissing 1979-1983, 1985, 1994-2005
=583  \\$acondition reviewed$c20171101$fTESTPROGRAM$fTESTPROGRAM Gold$iissue-level
=561  \\$aTESTINST1
=561  \\$aNTD
=852  0\$aTESTINST1$bHDC$ctestprogram-trust$hDT45$i.S56E
=866  30$80$a(1978), (1984), (1989)-(1993), (1999), (2001)

