=LDR  00714nx  a22001931n 4500
=003  TestILS
=004  991033898259703841
=007  ta
=001  221117848560003841
=008  1908165u\\\\0\\\0000ba\\\0\\\\\\
=005  20210520081218.01
=022  \\$a1043-190X
=035  \\$a(OCoLC)11315242
=245  10$aBarron's guide to graduate business schools.
=583  \\$acommitted to retain$c20190823$dDecember 31, 2035$fTESTPROGRAM$fTESTPROGRAM Gold$uhttp://localhost/services/testprogram/docs/TESTPROGRAMProgramStatement.pdf
=583  \\$acompleteness reviewed$c20190823$fTESTPROGRAM$fTESTPROGRAM Gold$iissue level$lmissing issues$zno.1-4, 6-7 missing
=583  \\$acondition reviewed$c20190823$fTESTPROGRAM$fTESTPROGRAM Gold$iissue level
=561  \\$aTESTINST1
=852  0\$aTESTINST1$bHDC$ctestprogram-trust$hHF1131$i.B375
=866  30$80$ano.5(1986), 8(1992)-15(2007)

