=LDR  00945    a2200241 n 4500
=001  22968411960003841
=003  TestILS
=004  991020809909703841
=005  20210520081217.83
=007  ta
=008  1505050u\\\\0\\\0001ba\\\0\\\\\\\\\\\\\\
=014  1\$a4255462$bOCoLC
=022  0\$a0275-2611$l0275-2611$z0020-4560$21
=035  \\$a(OCoLC)4255462
=035  \\$a(TestILS)c13596986-01asu_inst
=245  10$aInsurance.
=561  \\$aTESTINST1
=561  \\$aKKS
=583  \\$acommitted to retain$c20150505$dDecember 31, 2035$fTESTPROGRAM$fTESTPROGRAM Gold$uhttp://localhost/services/testprogram/docs/TESTPROGRAMProgramStatement.pdf
=583  \\$acompleteness reviewed$c20150505$fTESTPROGRAM$fTESTPROGRAM Gold$iissue-level$lmissing volumes$zmissing v.64-67$lmissing issues$zmissing v.74 issue 12
=583  \\$acondition reviewed$c20150505$fTESTPROGRAM$fTESTPROGRAM Gold$iissue-level$lloose pages$zv.68 Sep-Dec loose pages
=852  0\$aTESTINST1$bHDC$ctestprogram-trust$hHG8011$i.E3
=866  30$80$a68(1967)-78, no.8(1977)
=867  30$80$a73(1972)-74(1973)

