=LDR  00770nx  a22001931n 4500
=003  TestILS
=004  991011495329703841
=007  ta
=001  221126708190003841
=008  1908165u\\\\0\\\0000ba\\\0\\\\\\
=005  20210520081217.44
=022  \\$a0885-7954
=035  \\$a(OCoLC)1518624
=245  10$aPublication /$cAugustan Reprint Society.
=583  \\$acommitted to retain$c20190823$dDecember 31, 2035$fTESTPROGRAM$fTESTPROGRAM Gold$uhttp://localhost/services/testprogram/docs/TESTPROGRAMProgramStatement.pdf
=583  \\$acompleteness reviewed$c20190823$fTESTPROGRAM$fTESTPROGRAM Gold$iissue level$lmissing issues$zno. 217-219, 265-276 missing$lreprints$zno.1-12,23-30,49-54 reprints
=583  \\$acondition reviewed$c20190823$fTESTPROGRAM$fTESTPROGRAM Gold$iissue level
=561  \\$aTESTINST1
=852  0\$aTESTINST1$bHDC$ctestprogram-trust$hAC4$iA9x
=866  30$80$ano.1(1946)-216(1982), 220(1983)-264(1990)

