=LDR  00731nx  a22001931n 4500
=003  TestILS
=004  991011878729703841
=007  ta
=001  221126709670003841
=008  1908165u\\\\0\\\0000ba\\\0\\\\\\
=005  20210520081217.65
=022  \\$a0008-5332
=035  \\$a(OCoLC)2154828
=245  00$aCanadian welfare.
=583  \\$acommitted to retain$c20190823$dDecember 31, 2035$fTESTPROGRAM$fTESTPROGRAM Gold$uhttp://localhost/services/testprogram/docs/TESTPROGRAMProgramStatement.pdf
=583  \\$acompleteness reviewed$c20190823$fTESTPROGRAM$fTESTPROGRAM Gold$iissue level$lmissing issues$zmissing  34:6(1958), 44:1(1968), 50(1974)-53(1977)
=583  \\$acondition reviewed$c20190823$fTESTPROGRAM$fTESTPROGRAM Gold$iissue level
=561  \\$aTESTINST1
=852  0\$aTESTINST1$bHDC$ctestprogram-trust$hHV745$i.A12
=866  30$80$a16(1940)-49(1973)

