=LDR  00658nx  a22001931n 4500
=003  TestILS
=004  991020332699703841
=007  ta
=001  221158954720003841
=008  2102175u\\\\0\\\0000ba\\\0\\\\\\
=005  20210520081217.83
=022  \\$a0161-682X
=035  \\$a(OCoLC)3987764
=245  04$aThe Romantist.
=583  \\$acommitted to retain$c20210217$d20351231$fTESTPROGRAM$fTESTPROGRAM Gold$uhttp://localhost/services/testprogram/docs/TESTPROGRAMProgramStatement.pdf
=583  \\$acompleteness reviewed$c20210217$fTESTPROGRAM$fTESTPROGRAM Gold$iissue level
=583  \\$acondition reviewed$c20210217$fTESTPROGRAM$fTESTPROGRAM Gold$iissue level
=561  \\$aTESTINST1
=852  0\$aTESTINST1$bHDC$ctestprogram-trust$hPS1462$i.A46
=866  30$80$ano. 1(1977)-10(1986)

