=LDR  00746nx  a22001931n 4500
=003  TestILS
=004  991011809719703841
=007  ta
=001  221135122790003841
=008  2001275u\\\\0\\\0000ba\\\0\\\\\\
=005  20210520081217.98
=022  \\$a0011-6041
=035  \\$a(OCoLC)1788451
=245  00$aDance scope.
=583  \\$acommitted to retain$c20200127$dDecember 31, 2035$fTESTPROGRAM$fTESTPROGRAM Gold$uhttp://localhost/services/testprogram/docs/TESTPROGRAMProgramStatement.pdf
=583  \\$acompleteness reviewed$c20200127$fTESTPROGRAM$fTESTPROGRAM Gold$iissue level$lmissing issues$zmissing v.1:2-4(1965), v.2(1966), v.3:2-4(1966)
=583  \\$acondition reviewed$c20200127$fTESTPROGRAM$fTESTPROGRAM Gold$iissue level
=561  \\$aTESTINST1
=852  0\$aTESTINST1$bHDC$ctestprogram-trust$hGV1580$i.D3x
=866  30$80$a1(1965), 3(1966), 4(1967)-15(1981)

