=LDR  00599ny  a22001933n 4500
=001  22969200130003841
=003  TestILS
=004  991011714399703841
=005  20210520081217.88
=007  ta
=008  1205030u\\\\0\\\0001ba\\\0\\\\\\\\\\\\\\
=014  1\$a1762262$bOCoLC
=022  \\$a0031-7918
=035  \\$a(OCoLC)1762262
=035  \\$a(TestILS)c12690351-01asu_inst
=245  00$aPhilips research reports.
=561  \\$aTESTINST1
=583  \\$acommitted to retain$c20120503$dDecember 31, 2035$fTESTPROGRAM$fTESTPROGRAM Bronze$uhttp://localhost/services/testprogram/docs/TESTPROGRAMProgramStatement.pdf
=852  0\$aTESTINST1$bHDC$ctestprogram-trust
=866  30$80$a1(1945)-11(1956), 13(1958)-32(1977)

