=LDR  00855    a2200217 n 4500
=001  22945918570003841
=003  TestILS
=004  991017663019703841
=005  20210520081218.19
=007  ta
=008  1310210u\\\\0\\\0001ba\\\0\\\\\\\\\\\\\\
=014  1\$a1762881$bOCoLC
=022  \\$a0032-8790
=035  \\$a(OCoLC)1762881
=035  \\$a(TestILS)c13266111-01asu_inst
=245  00$aPrism international.
=561  \\$aTESTINST1
=583  \\$acommitted to retain$c20131012$dDecember 31, 2035$fTESTPROGRAM$fTESTPROGRAM Gold$uhttp://localhost/services/testprogram/docs/TESTPROGRAMProgramStatement.pdf
=583  \\$acompleteness reviewed$c20131021$fTESTPROGRAM$fTESTPROGRAM Gold$iissue-level$lbinding patterns vary$zfor 4-11, 18-19, 21-22 two volumes bound together as single piece$lReprints$zvol. 4-5 Reprints
=583  \\$acondition reviewed$c20131021$fTESTPROGRAM$fTESTPROGRAM Gold$iissue-level
=852  0\$aTESTINST1$bHDC$ctestprogram-trust
=866  30$80$a4(1964)-44(2005/2006)

