=LDR  00701nx  a22001931n 4500
=003  TestILS
=004  991022842229703841
=007  ta
=001  221133691020003841
=008  1912315u\\\\0\\\0000ba\\\0\\\\\\
=005  20210520081218.13
=022  \\$a0038-0393
=035  \\$a(OCoLC)5088377
=245  00$aSociology and social research.
=583  \\$acommitted to retain$c20191231$dDecember 31, 2035$fTESTPROGRAM$fTESTPROGRAM Gold$uhttp://localhost/services/testprogram/docs/TESTPROGRAMProgramStatement.pdf
=583  \\$acompleteness reviewed$c20191231$fTESTPROGRAM$fTESTPROGRAM Gold$iissue level$lmissing issues$zmissing v.48:3, v.73:3
=583  \\$acondition reviewed$c20191231$fTESTPROGRAM$fTESTPROGRAM Gold$iissue level
=561  \\$aTESTINST1
=852  0\$aTESTINST1$bHDC$ctestprogram-trust$hHM1$i.S75
=866  30$80$a12(1927)-76(1992)

