=LDR  00766    a2200217 n 4500
=001  22827605730003841
=003  TestILS
=004  991030581869703841
=005  20210520081217.57
=007  ta
=008  1505290u\\\\0\\\0001ba\\\0\\\\\\\\\\\\\\
=014  1\$a9328453$bOCoLC
=022  0\$a0737-139X
=035  \\$a(OCoLC)9328453
=035  \\$a(TestILS)c13606311-01asu_inst
=245  00$aCuyahoga review.
=561  \\$aTESTINST1
=583  \\$acommitted to retain$c20150529$dDecember 31, 2035$fTESTPROGRAM$fTESTPROGRAM Gold$uhttp://localhost/services/testprogram/docs/TESTPROGRAMProgramStatement.pdf
=583  \\$acompleteness reviewed$c20150529$fTESTPROGRAM$fTESTPROGRAM Gold$iissue-level$lmissing volumes$zmissing 1987-1993
=583  \\$acondition reviewed$c20150529$fTESTPROGRAM$fTESTPROGRAM Gold$iissue-level
=852  0\$aTESTINST1$bHDC$ctestprogram-trust
=866  30$80$a1(1983)-2(1986)

