=LDR  00764nx  a22001931n 4500
=003  TestILS
=004  991032298229703841
=007  ta
=001  221134222510003841
=008  1912315u\\\\0\\\0000ba\\\0\\\\\\
=005  20210520081218.02
=022  \\$a0289-890X
=035  \\$a(OCoLC)9936423
=245  00$aKKC brief /$cKeizai Koho Center.
=583  \\$acommitted to retain$c20191231$dDecember 31, 2035$fTESTPROGRAM$fTESTPROGRAM Gold$uhttp://localhost/services/testprogram/docs/TESTPROGRAMProgramStatement.pdf
=583  \\$acompleteness reviewed$c20191231$fTESTPROGRAM$fTESTPROGRAM Gold$iissue level$lmissing issues$zmissing 42(1990), 50(1990)
=583  \\$acondition reviewed$c20191231$fTESTPROGRAM$fTESTPROGRAM Gold$iissue level
=561  \\$aTESTINST1
=852  0\$aTESTINST1$bHDC$ctestprogram-trust$hHC461$i.K24x
=866  30$80$a1(1982)-41(1990), 43(1990)-46(1990), 48(1990)-49(1990), 51(1990)-60(1990)

