=LDR  00973    a2200241 n 4500
=001  22836269190003841
=003  TestILS
=004  991008759069703841
=005  20210520081217.53
=007  ta
=008  1404160u\\\\0\\\0001ba\\\0\\\\\\\\\\\\\\
=014  1\$a1189564$bOCoLC
=022  \\$a0044-3506
=035  \\$a(OCoLC)1189564
=035  \\$a(TestILS)c13402444-01asu_inst
=245  00$aZeitschrift für Slawistik /$cherausgegeben im Auftrage der Deutschen Akademie der Wissenschaften zu Berlin.
=561  \\$aTESTINST1
=561  \\$aWAU
=583  \\$acommitted to retain$c20140416$dDecember 31, 2035$fTESTPROGRAM$fTESTPROGRAM Gold$uhttp://localhost/services/testprogram/docs/TESTPROGRAMProgramStatement.pdf
=583  \\$acompleteness reviewed$c20140416$fTESTPROGRAM$fTESTPROGRAM Gold$iissue-level$lmissing issues$zmissing vol. 1 issue 2-4; vol. 2 issue 2,4; vol. 3 issue 1; vol. 8 issue 1; vol. 11 issues 2-3,6; vol. 29 issue 6; vol. 30 issue 2; vol. 35 issue 1
=583  \\$acondition reviewed$c20140416$fTESTPROGRAM$fTESTPROGRAM Gold$iissue-level
=852  0\$aTESTINST1$bHDC$ctestprogram-trust
=866  30$80$a1(1956)-50(2005)
=868  30$80$a36(1991), 44(1999), 46(2001)-55(2010)

