=LDR  00808ny  a22002413n 4500
=001  22838368920003841
=003  TestILS
=004  991008740379703841
=005  20210520081217.53
=007  ta
=008  1305090u\\\\0\\\0001ba\\\0\\\\\\\\\\\\\\
=014  1\$a1044790$bOCoLC
=022  0\$a0007-9235$l0007-9235$z0409-6460
=030  \\$aCAMCAM
=035  \\$a(OCoLC)1044790
=035  \\$a(TestILS)c13150789-01asu_inst
=245  00$aCA.
=561  \\$aTESTINST1
=561  \\$aLLU
=583  \\$acommitted to retain$c20130509$dDecember 31, 2035$fTESTPROGRAM$fTESTPROGRAM Gold$uhttp://localhost/services/testprogram/docs/TESTPROGRAMProgramStatement.pdf
=583  \\$acompleteness reviewed$c20130509$fTESTPROGRAM$fTESTPROGRAM Gold$iissue-level
=583  \\$acondition reviewed$c20130509$fTESTPROGRAM$fTESTPROGRAM Gold$iissue-level
=852  0\$aTESTINST1$bHDC$ctestprogram-trust$hRC261$i.C2
=866  30$80$a1(1950)-55(2005)

