=LDR  00745ny  a22002173n 4500
=001  22950458540003841
=003  TestILS
=004  991011683789703841
=005  20210520081218.12
=007  ta
=008  1404160u\\\\0\\\0001ba\\\0\\\\\\\\\\\\\\
=014  1\$a1754464$bOCoLC
=022  0\$a0021-9207
=035  \\$a(OCoLC)1754464
=035  \\$a(TestILS)c13382445-01asu_inst
=245  00$aJournal of band research.
=561  \\$aTESTINST1
=561  \\$aORZ
=583  \\$acommitted to retain$c20140416$dDecember 31, 2035$fTESTPROGRAM$fTESTPROGRAM Silver$uhttp://localhost/services/testprogram/docs/TESTPROGRAMProgramStatement.pdf
=583  \\$acompleteness reviewed$c20140416$fTESTPROGRAM$fTESTPROGRAM Silver$ivolume-level$lmissing volumes$zmissing vols. 1-11, 18-30
=852  0\$aTESTINST1$bHDC$ctestprogram-trust
=866  30$80$a12(1975)-17(1982), 31(1995)-41(2005)

