=LDR  00708ny  a22002053n 4500
=001  22842330950003841
=003  TestILS
=004  991032916759703841
=005  20210520081218.04
=007  ta
=008  1601040u\\\\0\\\0001ba\\\0\\\\\\\\\\\\\\
=014  1\$a1480975$bOCoLC
=022  \\$a0097-2630$l0097-2630
=035  \\$a(OCoLC)1480975
=035  \\$a(TestILS)c13725804-01asu_inst
=245  10$aProceedings of the annual convention of the American Water Works Association.
=561  \\$aSTA
=583  \\$acommitted to retain$c20160104$dDecember 31, 2035$fTESTPROGRAM$fTESTPROGRAM Silver$uhttp://localhost/services/testprogram/docs/TESTPROGRAMProgramStatement.pdf
=583  \\$acompleteness reviewed$c20160104$fTESTPROGRAM$fTESTPROGRAM Silver$ivolume-level$lmissing volumes$zmissing 1903
=852  0\$aTESTINST1$bHDC$ctestprogram-trust$hTD201$i.A5
=866  30$80$a1904-1913

