=LDR  00723ny  a22002173n 4500
=001  22820883210003841
=003  TestILS
=004  991011781949703841
=005  20210520081217.97
=007  ta
=008  1306120u\\\\0\\\0001ba\\\0\\\\\\\\\\\\\\
=014  1\$a1782086$bOCoLC
=022  \\$a0341-8685$l0341-8685
=035  \\$a(OCoLC)1782086
=035  \\$a(TestILS)c13185184-01asu_inst
=245  00$aInternational journal of physical education.$bInternationale Zeitschrift für Sportpädagogik.
=561  \\$aTESTINST1
=583  \\$acommitted to retain$c20130612$dDecember 31, 2035$fTESTPROGRAM$fTESTPROGRAM Silver$uhttp://localhost/services/testprogram/docs/TESTPROGRAMProgramStatement.pdf
=583  \\$acompleteness reviewed$c20130612$fTESTPROGRAM$fTESTPROGRAM Silver$ivolume-level
=852  0\$aTESTINST1$bHDC$ctestprogram-trust$hGV201$i.G78
=866  30$80$a10(1973)-42(2005)
=867  30$80$a16(1979)-24(1987)

