=LDR  00670nx  a22001931n 4500
=003  TestILS
=004  991017711239703841
=007  ta
=001  221067383410003841
=008  1805220u\\\\0\\\0000ba\\\0\\\\\\
=005  20210520081217.63
=022  \\$a0149-8711
=035  \\$a(OCoLC)3568173
=245  10$aOmni.
=583  \\$acommitted to retain$c20180522$dDecember 31, 2035$fTESTPROGRAM$fTESTPROGRAM Silver$uhttp://localhost/services/testprogram/docs/TESTPROGRAMProgramStatement.pdf
=583  \\$acompleteness reviewed$c20180522$fTESTPROGRAM$fTESTPROGRAM Silver$ivolume level$lmissing volumes$zmissing v.1:10; v.13:4,6-7,9-12; v.14:1-2
=561  \\$aTESTINST1
=561  \\$aNTD
=852  0\$aTESTINST1$bHDC$ctestprogram-trust$hAP2 .O452
=866  30$80$a1(1979)-17(1995)

