=LDR  00903nx  a22001931n 4500
=003  TestILS
=004  991011558239703841
=007  ta
=001  221065259780003841
=008  1805040u\\\\0\\\0000ba\\\0\\\\\\
=005  20210520081218.05
=022  \\$a0015-8259
=035  \\$a(OCoLC)1569892
=245  00$aFortune.
=583  \\$acommitted to retain$c20180504$dDecember 31, 2035$fTESTPROGRAM$fTESTPROGRAM Silver$uhttp://localhost/services/testprogram/docs/TESTPROGRAMProgramStatement.pdf
=583  \\$acompleteness reviewed$c20180504$fTESTPROGRAM$fTESTPROGRAM Silver$ivolume level$lmissing volumes$zmissing v.1, v.28, v.57, v.98, v.120:11-14; v.123; v.124:1; v.127:5,7-11; v.128:6,12-13,15; v.133:4,10; v.134:5; v.149:2,6
=561  \\$aTESTINST1
=852  0\$aTESTINST1$bHDC$ctestprogram-trust$hHF5001$i.F7
=866  30$80$a2(1930)-27(1943), 29(1944)-56(1957), 58(1958)-97(1978), 99(1979)-122(1990), 124(1991)-152(2005)
=867  30$80$a54(1956), 65(1962), 134(1996), 136(1997)-140(1999), 142(2000)-143(2001)

