=LDR  00805    a2200205 n 4500
=001  22948444890003841
=003  TestILS
=004  991033230439703841
=005  20210520081218.04
=007  ta
=008  1505010u\\\\0\\\0001ba\\\0\\\\\\\\\\\\\\
=014  1\$a10289872$bOCoLC
=035  \\$a(OCoLC)10289872
=035  \\$a(TestILS)c13578182-01asu_inst
=245  00$aFurman University studies.
=561  \\$aTESTINST1
=583  \\$acommitted to retain$c20150501$dDecember 31, 2035$fTESTPROGRAM$fTESTPROGRAM Gold$uhttp://localhost/services/testprogram/docs/TESTPROGRAMProgramStatement.pdf
=583  \\$acompleteness reviewed$c20150501$fTESTPROGRAM$fTESTPROGRAM Gold$iissue-level$lmissing issues$zonly holding v.28:3; v.29:3; v.30:3; v.31:4 - unable to identify missing issues
=583  \\$acondition reviewed$c20150501$fTESTPROGRAM$fTESTPROGRAM Gold$iissue-level
=852  0\$aTESTINST1$bHDC$ctestprogram-trust
=866  30$80$a28(1945)-31(1948)

