=LDR  00684ny  a22002173n 4500
=001  22819449130003841
=003  TestILS
=004  991011787999703841
=005  20210520081217.97
=007  ta
=008  1305240u\\\\0\\\0001ba\\\0\\\\\\\\\\\\\\
=014  1\$a1783072$bOCoLC
=022  \\$a0022-152X
=030  \\$aJHTCAD
=035  \\$a(OCoLC)1783072
=035  \\$a(TestILS)c13181087-01asu_inst
=245  00$aJournal of heterocyclic chemistry.
=561  \\$aTESTINST1
=583  \\$acommitted to retain$c20130528$dDecember 31, 2035$fTESTPROGRAM$fTESTPROGRAM Silver$uhttp://localhost/services/testprogram/docs/TESTPROGRAMProgramStatement.pdf
=583  \\$acompleteness reviewed$c20130528$fTESTPROGRAM$fTESTPROGRAM Silver$ivolume-level
=852  0\$aTESTINST1$bHDC$ctestprogram-trust
=866  30$80$a1(1964)-42(2005)

