=LDR  00732    a2200217 n 4500
=001  22945420780003841
=003  TestILS
=004  991000893729703841
=005  20210520081217.77
=007  ta
=008  1405150u\\\\0\\\0001ba\\\0\\\\\\\\\\\\\\
=014  1\$a35251792$bOCoLC
=022  0\$a1090-3097
=035  \\$a(OCoLC)35251792
=035  \\$a(TestILS)c1340426x-01asu_inst
=245  00$aAdvances in numerical heat transfer.
=561  \\$aTESTINST1
=583  \\$acommitted to retain$c20140515$dDecember 31, 2035$fTESTPROGRAM$fTESTPROGRAM Gold$uhttp://localhost/services/testprogram/docs/TESTPROGRAMProgramStatement.pdf
=583  \\$acompleteness reviewed$c20140515$fTESTPROGRAM$fTESTPROGRAM Gold$iissue-level
=583  \\$acondition reviewed$c20140515$fTESTPROGRAM$fTESTPROGRAM Gold$iissue-level
=852  0\$aTESTINST1$bHDC$ctestprogram-trust
=866  30$80$a1(1997)-2(2000)

