=LDR  00706ny  a22002173n 4500
=001  22940188750003841
=003  TestILS
=004  991008529219703841
=005  20210520081217.50
=007  ta
=008  1306140u\\\\0\\\0001ba\\\0\\\\\\\\\\\\\\
=014  1\$a44631014$bOCoLC
=022  0\$a1531-0485$l1531-0485
=035  \\$a(OCoLC)44631014
=035  \\$a(TestILS)c13230219-01asu_inst
=245  00$aJournal for early modern cultural studies :$bJEMCS.
=561  \\$aWAU
=561  \\$aORZ
=583  \\$acommitted to retain$c20130614$dDecember 31, 2035$fTESTPROGRAM$fTESTPROGRAM Silver$uhttp://localhost/services/testprogram/docs/TESTPROGRAMProgramStatement.pdf
=583  \\$acompleteness reviewed$c20130614$fTESTPROGRAM$fTESTPROGRAM Silver$ivolume-level
=852  0\$aTESTINST1$bHDC$ctestprogram-trust$hHM623$i.J68
=866  30$80$a1(2001)-6(2006)

