=LDR  00817nx  a22001931n 4500
=003  TestILS
=004  991035477439703841
=007  ta
=001  221148379920003841
=008  2006305u\\\\0\\\0000ba\\\0\\\\\\
=005  20210520081218.01
=022  \\$a1019-1534
=035  \\$a(OCoLC)11845413
=245  10$aWomen's world /$cIsis-WICCE.
=583  \\$acommitted to retain$c20200630$dDecember 31, 2035$fTESTPROGRAM$fTESTPROGRAM Gold$uhttp://localhost/services/testprogram/docs/TESTPROGRAMProgramStatement.pdf
=583  \\$acompleteness reviewed$c20200630$fTESTPROGRAM$fTESTPROGRAM Gold$iissue level$lmissing issues$zmissing no.29(1995/96), 31(1997)-40(2005), 42(2007), 44(2009), 48(2013)-50(2015)
=583  \\$acondition reviewed$c20200630$fTESTPROGRAM$fTESTPROGRAM Gold$iissue level
=561  \\$aTESTINST1
=852  0\$aTESTINST1$bHDC$ctestprogram-trust$hHQ1101$i.W775x
=866  30$80$ano. 1(1984)-28(1995), 30(1996), 41(2006), 43(2008), 45(2010)-47(2012)

