=LDR  00750ny  a22002293n 4500
=001  22970004470003841
=003  TestILS
=004  991011473369703841
=005  20210520081217.67
=007  ta
=008  1206270u\\\\0\\\0001ba\\\0\\\\\\\\\\\\\\
=014  1\$a5731039$bOCoLC
=022  0\$a0003-0031
=035  \\$a(OCoLC)5731039
=035  \\$a(TestILS)c12807199-01asu_inst
=245  04$aThe American midland naturalist.
=561  \\$aTESTINST1
=561  \\$aLLU
=583  \\$acommitted to retain$c20120627$dDecember 31, 2035$fTESTPROGRAM$fTESTPROGRAM Silver$uhttp://localhost/services/testprogram/docs/TESTPROGRAMProgramStatement.pdf
=583  \\$acompleteness reviewed$c20120627$fTESTPROGRAM$fTESTPROGRAM Silver$ivolume-level$lreprints$zvols. 12-20 reprints
=852  0\$aTESTINST1$bHDC$ctestprogram-trust
=866  30$80$a1(1909)-154(2005)
=868  30$80$a1(1909)-60(1958)

