=LDR  00844    a2200241 n 4500
=001  22926342800003841
=003  TestILS
=004  991014184059703841
=005  20210520081217.93
=007  ta
=008  1605010u\\\\0\\\0001ba\\\0\\\\\\\\\\\\\\
=014  1\$a2451540$bOCoLC
=022  0\$a0043-2288
=030  \\$aWDWRAI
=035  \\$a(OCoLC)2451540
=035  \\$a(TestILS)c13792246-01asu_inst
=245  00$aWelding in the world.$bSoudage dans le monde.
=561  \\$aTESTINST1
=583  \\$acommitted to retain$c20160501$dDecember 31, 2035$fTESTPROGRAM$fTESTPROGRAM Gold$uhttp://localhost/services/testprogram/docs/TESTPROGRAMProgramStatement.pdf
=583  \\$acompleteness reviewed$c20160501$fTESTPROGRAM$fTESTPROGRAM Gold$iissue-level$lmissing volumes$zmissing v.1-21; v.33-48
=583  \\$acondition reviewed$c20160501$fTESTPROGRAM$fTESTPROGRAM Gold$iissue-level
=852  0\$aTESTINST1$bHDC$ctestprogram-trust
=866  30$80$a22(1984)-32(1993)
=867  30$80$a24(1986)-25(1987), 27(1989)

