=LDR  00554    a2200181 n 4500
=001  22850743460003841
=003  TestILS
=004  991035506539703841
=005  20210520081217.98
=007  ta
=008  1306140u\\\\0\\\0001ba\\\0\\\\\\\\\\\\\\
=014  1\$a12709794$bOCoLC
=035  \\$a(OCoLC)12709794
=035  \\$a(TestILS)c13186036-01asu_inst
=245  00$aAnnual index/abstracts of SAE technical papers.
=561  \\$aTESTINST1
=583  \\$acommitted to retain$c20130614$dDecember 31, 2035$fTESTPROGRAM$fTESTPROGRAM Bronze$uhttp://localhost/services/testprogram/docs/TESTPROGRAMProgramStatement.pdf
=852  0\$aTESTINST1$bHDC$ctestprogram-trust
=866  30$80$a (1984)-(1992)

