=LDR  00877    a2200217 n 4500
=001  22820734770003841
=003  TestILS
=004  991011536989703841
=005  20210520081217.94
=007  ta
=008  1505270u\\\\0\\\0001ba\\\0\\\\\\\\\\\\\\
=014  1\$a1565925$bOCoLC
=022  \\$a0023-3331
=035  \\$a(OCoLC)1565925
=035  \\$a(TestILS)c13606189-01asu_inst
=245  00$aMatematisk-fysiske skrifter.
=561  \\$aTESTINST1
=583  \\$acommitted to retain$c20150527$dDecember 31, 2035$fTESTPROGRAM$fTESTPROGRAM Gold$uhttp://localhost/services/testprogram/docs/TESTPROGRAMProgramStatement.pdf
=583  \\$acompleteness reviewed$c20150527$fTESTPROGRAM$fTESTPROGRAM Gold$iissue-level$lmissing issues$zmissing vol. 1 issues 1-2,4,12; vol.2 issues 1-4,11-12; vol. 3 issue 1,3
=583  \\$acondition reviewed$c20150527$fTESTPROGRAM$fTESTPROGRAM Gold$iissue-level$ldamaged pages$zvol. 3 issue 7 some pages stuck together
=852  0\$aTESTINST1$bHDC$ctestprogram-trust
=866  30$80$a1(1956)-3(1971)

