=LDR  00722ny  a22002173n 4500
=001  22826421710003841
=003  TestILS
=004  991008735749703841
=005  20210520081217.52
=007  ta
=008  1312090u\\\\0\\\0001ba\\\0\\\\\\\\\\\\\\
=014  1\$a1026850$bOCoLC
=022  0\$a0047-2220
=030  \\$aJRCOD3
=035  \\$a(OCoLC)1026850
=035  \\$a(TestILS)c13286821-01asu_inst
=245  00$aJournal of applied rehabilitation counseling.
=561  \\$aTESTINST1
=583  \\$acommitted to retain$c20131209$dDecember 31, 2035$fTESTPROGRAM$fTESTPROGRAM Silver$uhttp://localhost/services/testprogram/docs/TESTPROGRAMProgramStatement.pdf
=583  \\$acompleteness reviewed$c20131209$fTESTPROGRAM$fTESTPROGRAM Silver$ivolume-level$lmissing volumes$zmissing vols. 1-13
=852  0\$aTESTINST1$bHDC$ctestprogram-trust
=866  30$80$a14(1983)-36(2005)

