=LDR  00733nx  a22001931n 4500
=003  TestILS
=004  991011572919703841
=007  ta
=001  221128982910003841
=008  1908165u\\\\0\\\0000ba\\\0\\\\\\
=005  20210520081218.06
=022  \\$a0076-5112
=035  \\$a(OCoLC)1587996
=245  00$aMaster's theses in education.
=583  \\$acommitted to retain$c20190923$dDecember 31, 2035$fTESTPROGRAM$fTESTPROGRAM Gold$uhttp://localhost/services/testprogram/docs/TESTPROGRAMProgramStatement.pdf
=583  \\$acompleteness reviewed$c20190923$fTESTPROGRAM$fTESTPROGRAM Gold$iissue level$lmissing issues$zno.16 (1966/67) missing
=583  \\$acondition reviewed$c20190923$fTESTPROGRAM$fTESTPROGRAM Gold$iissue level
=561  \\$aTESTINST1
=852  0\$aTESTINST1$bHDC$ctestprogram-trust$hL11$i.M36x
=866  30$80$ano.1(1951/52)-15(1965/66), 17(1967/68)-39(1990)

