=LDR  00731nx  a22001811n 4500
=003  TestILS
=004  991028917549703841
=007  ta
=001  221136942940003841
=008  2002275u\\\\0\\\0000ba\\\0\\\\\\
=005  20210520081218.20
=035  \\$a(OCoLC)8514053
=245  00$aArchaeological and ethnological papers of the Peabody Museum.
=583  \\$acommitted to retain$c20200227$dDecember 31, 2035$fTESTPROGRAM$fTESTPROGRAM Gold$uhttp://localhost/services/testprogram/docs/TESTPROGRAMProgramStatement.pdf
=583  \\$acompleteness reviewed$c20200219$fTESTPROGRAM$fTESTPROGRAM Gold$iissue level$zmissing v.1:3,7 and v.2$lreprints$zv.1:5 reprint
=583  \\$acondition reviewed$c20200127$fTESTPROGRAM$fTESTPROGRAM Gold$iissue level$lmissing covers$zcovers missing on v.1:2, 4, 6
=561  \\$aTESTINST1
=852  0\$aTESTINST1$bHDC$ctestprogram-trust$hE51$i.H337
=866  30$80$a1(1888)-2(1901)

