=LDR  00722    a2200217 n 4500
=001  22815387560003841
=003  TestILS
=004  991020851869703841
=005  20210520081217.85
=007  ta
=008  1312160u\\\\0\\\0001ba\\\0\\\\\\\\\\\\\\
=014  1\$a4657336$bOCoLC
=022  0\$a0167-6954
=035  \\$a(OCoLC)4657336
=035  \\$a(TestILS)c13287229-01asu_inst
=245  00$aAnnual proceedings - The Midland Mental Deficiency Society.
=561  \\$aTESTINST1
=583  \\$acommitted to retain$c20131216$dDecember 31, 2035$fTESTPROGRAM$fTESTPROGRAM Gold$uhttp://localhost/services/testprogram/docs/TESTPROGRAMProgramStatement.pdf
=583  \\$acompleteness reviewed$c20131216$fTESTPROGRAM$fTESTPROGRAM Gold$iissue-level
=583  \\$acondition reviewed$c20131216$fTESTPROGRAM$fTESTPROGRAM Gold$iissue-level
=852  0\$aTESTINST1$bHDC$ctestprogram-trust
=866  30$80$a1(1952)

