=LDR  00780    a2200217 n 4500
=001  22923012520003841
=003  TestILS
=004  991018248969703841
=005  20210520081217.64
=007  ta
=008  1701040u\\\\0\\\0001ba\\\0\\\\\\\\\\\\\\
=014  1\$a16850736$bOCoLC
=022  0\$a0895-9013
=035  \\$a(OCoLC)16850736
=035  \\$a(TestILS)c14100496-01asu_inst
=245  10$aProceedings of the technical program /$cNational Electronic Packaging and Production Conference.
=561  \\$aTESTINST1
=583  \\$acommitted to retain$c20170104$dDecember 31, 2035$fTESTPROGRAM$fTESTPROGRAM Gold$uhttp://localhost/services/testprogram/docs/TESTPROGRAMProgramStatement.pdf
=583  \\$acompleteness reviewed$c20170104$fTESTPROGRAM$fTESTPROGRAM Gold$iissue-level$lmissing volumes$zmissing 1988-1989, 1991
=583  \\$acondition reviewed$c20170104$fTESTPROGRAM$fTESTPROGRAM Gold$iissue-level
=852  0\$aTESTINST1$bHDC$ctestprogram-trust
=866  30$80$a(1985)-(1987), (1990)

