=LDR  00623nx  a22001811n 4500
=003  TestILS
=004  991019147019703841
=007  ta
=001  221157379110003841
=008  2011300u\\\\0\\\0000ba\\\0\\\\\\
=005  20210520081217.81
=022  \\$a0048-0738
=035  \\$a(OCoLC)3531764
=245  00$aNortheast historical archaeology.
=583  \\$acommitted to retain$c20201130$dDecember 31, 2035$fTESTPROGRAM$fTESTPROGRAM Silver$uhttp://localhost/services/testprogram/docs/TESTPROGRAMProgramStatement.pdf
=583  \\$acompleteness reviewed$c20201130$fTESTPROGRAM$fTESTPROGRAM Silver$ivolume level$lmissing volumes$zv.2:1 missing
=561  \\$aTESTINST1
=852  0\$aTESTINST1$bHDC$ctestprogram-trust$hF106$i.N67
=866  30$80$a1(1971)-14(1985)

