=LDR  00685nx  a22001931n 4500
=003  TestILS
=004  991037162969703841
=007  ta
=001  221147858540003841
=008  2006305u\\\\0\\\0000ba\\\0\\\\\\
=005  20210520081218.00
=022  \\$a0891-0146
=035  \\$a(OCoLC)14523625
=245  10$aBook of days.
=583  \\$acommitted to retain$c20200630$dDecember 31, 2035$fTESTPROGRAM$fTESTPROGRAM Gold$uhttp://localhost/services/testprogram/docs/TESTPROGRAMProgramStatement.pdf
=583  \\$acompleteness reviewed$c20200630$fTESTPROGRAM$fTESTPROGRAM Gold$iissue level$lmissing issues$zmissing (1987)
=583  \\$acondition reviewed$c20200630$fTESTPROGRAM$fTESTPROGRAM Gold$iissue level
=561  \\$aTESTINST1
=852  0\$aTESTINST1$bHDC$ctestprogram-trust$hD11.5$i.B66
=866  30$80$a(1988)

