=LDR  00657nx  a22001931n 4500
=003  TestILS
=004  991047204849703841
=007  ta
=001  221159189070003841
=008  2102180u\\\\0\\\0000ba\\\0\\\\\\
=005  20210520081217.39
=022  \\$a0813-2801
=035  \\$a(OCoLC)53165750
=245  04$aThe bulletin of the Australasian Institute for Maritime Archaeology.
=583  \\$acommitted to retain$c20210218$d20351231$fTESTPROGRAM$fTESTPROGRAM Gold$uhttp://localhost/services/testprogram/docs/TESTPROGRAMProgramStatement.pdf
=583  \\$acompleteness reviewed$c20210218$fTESTPROGRAM$fTESTPROGRAM Gold$iissue level
=583  \\$acondition reviewed$c20210218$fTESTPROGRAM$fTESTPROGRAM Gold$iissue level
=561  \\$aTESTINST1
=852  0\$aTESTINST1$bHDC$ctestprogram-trust$hCC77.U5$iB83x
=866  30$80$a25(2001)-39(2015)

