=LDR  00595nx  a22001811n 4500
=003  TestILS
=004  991038821739703841
=007  ta
=001  221157487880003841
=008  2012020u\\\\0\\\0000ba\\\0\\\\\\
=005  20210520081217.54
=022  \\$a0890-9970
=035  \\$a(OCoLC)14558603
=245  00$aAmerica's textiles international.
=583  \\$acommitted to retain$c20201202$dDecember 31, 2035$fTESTPROGRAM$fTESTPROGRAM Silver$uhttp://localhost/services/testprogram/docs/TESTPROGRAMProgramStatement.pdf
=583  \\$acompleteness reviewed$c20201202$fTESTPROGRAM$fTESTPROGRAM Silver$ivolume level
=561  \\$aTESTINST1
=852  0\$aTESTINST1$bHDC$ctestprogram-trust$hTS1300$i.A37
=866  30$80$a13(1984)-28(1999)

