=LDR  00767    a2200217 n 4500
=001  22931449270003841
=003  TestILS
=004  991011763109703841
=005  20210520081217.56
=007  ta
=008  1403240u\\\\0\\\0001ba\\\0\\\\\\\\\\\\\\
=014  1\$a1774003$bOCoLC
=022  \\$a0544-6600
=035  \\$a(OCoLC)1774003
=035  \\$a(TestILS)c13379744-01asu_inst
=245  10$aNewsletter - Modern Language Association Conference.
=561  \\$aTESTINST1
=583  \\$acommitted to retain$c20140324$dDecember 31, 2035$fTESTPROGRAM$fTESTPROGRAM Gold$uhttp://localhost/services/testprogram/docs/TESTPROGRAMProgramStatement.pdf
=583  \\$acompleteness reviewed$c20140324$fTESTPROGRAM$fTESTPROGRAM Gold$iissue-level$lReprint$zvol. 3 issues 1-2 Reprint
=583  \\$acondition reviewed$c20140324$fTESTPROGRAM$fTESTPROGRAM Gold$iissue-level
=852  0\$aTESTINST1$bHDC$ctestprogram-trust
=866  30$80$a1(1961)-11(1972)

