=LDR  00601nx  a22001811n 4500
=003  TestILS
=004  991024040289703841
=007  ta
=001  221106340050003841
=008  1905150u\\\\0\\\0000ba\\\0\\\\\\
=005  20210520081217.42
=022  \\$a1086-8054
=035  \\$a(OCoLC)33979040
=245  00$aToday's realtor /$cpublished by the National Association of Realtors.
=583  \\$acommitted to retain$c20190515$dDecember 31, 2035$fTESTPROGRAM$fTESTPROGRAM Silver$uhttp://localhost/services/testprogram/docs/TESTPROGRAMProgramStatement.pdf
=583  \\$acompleteness reviewed$c20190515$fTESTPROGRAM$fTESTPROGRAM Silver$ivolume level
=561  \\$aTESTINST1
=852  0\$aTESTINST1$bHDC$ctestprogram-trust$hHD251$i.R293
=866  30$80$a29(1996)-31, no.9(1998)

