=LDR  00773    a2200241 n 4500
=001  22902230650003841
=003  TestILS
=004  991037133799703841
=005  20210520081217.99
=007  ta
=008  1404300u\\\\0\\\0001ba\\\0\\\\\\\\\\\\\\
=014  1\$a13205125$bOCoLC
=022  0\$a0887-3852
=035  \\$a(OCoLC)13205125
=035  \\$a(TestILS)c13401221-01asu_inst
=245  00$aAIDS & public policy journal.
=561  \\$aTESTINST1
=561  \\$aSTA
=561  \\$aCUZ
=583  \\$acommitted to retain$c20140430$dDecember 31, 2035$fTESTPROGRAM$fTESTPROGRAM Gold$uhttp://localhost/services/testprogram/docs/TESTPROGRAMProgramStatement.pdf
=583  \\$acompleteness reviewed$c20140430$fTESTPROGRAM$fTESTPROGRAM Gold$iissue-level
=583  \\$acondition reviewed$c20140430$fTESTPROGRAM$fTESTPROGRAM Gold$iissue-level
=852  0\$aTESTINST1$bHDC$ctestprogram-trust
=866  30$80$a1(1986)-20(2005)

