=LDR  00712ny  a22002293n 4500
=001  22826049750003841
=003  TestILS
=004  991014210999703841
=005  20210520081218.15
=007  ta
=008  1505270u\\\\0\\\0001ba\\\0\\\\\\\\\\\\\\
=014  1\$a2659621$bOCoLC
=022  \\$a1012-9790
=035  \\$a(OCoLC)2659621
=035  \\$a(TestILS)c1360563x-01asu_inst
=245  00$aRevista de historia.
=561  \\$aTESTINST1
=561  \\$aIYU
=583  \\$acommitted to retain$c20150527$dDecember 31, 2035$fTESTPROGRAM$fTESTPROGRAM Silver$uhttp://localhost/services/testprogram/docs/TESTPROGRAMProgramStatement.pdf
=583  \\$acompleteness reviewed$c20150527$fTESTPROGRAM$fTESTPROGRAM Silver$ivolume-level
=852  0\$aTESTINST1$bHDC$ctestprogram-trust
=866  30$80$a1(1975)-52(2005)
=867  30$80$a17-18(1988)

