=LDR  00580ny  a22001693n 4500
=003  TestILS
=004  991047754329703841
=005  20210520081217.40
=001  221156767100003841
=007  ta
=008  2011160u\\\\0\\\0000ba\\\0\\\\\\
=022  \\$a0334-2336
=035  \\$a(OCoLC)506692272
=245  00$6880-01$aDaʻat :$bketav-ʻet le-filosofyah yehudit .ve-.kabalah = Daat : a journal of Jewish philosophy & Kabbalah.
=561  \\$aTESTINST1
=583  \\$acommitted to retain$c20201116$d20351231$fTESTPROGRAM$fTESTPROGRAM Bronze$uhttp://localhost/services/testprogram/docs/TESTPROGRAMProgramStatement.pdf
=852  0\$aTESTINST1$bHDC$ctestprogram-trust$hB154$i.D3
=866  30$80$ano.1(1978), 6(1981), 9(1982)-12(1984), 14(1985)-29(1992), 31(1993)-67(2009), 77(2014)-80(2015)

