=LDR  00594ny  a22001933n 4500
=001  22935329630003841
=003  TestILS
=004  991011533629703841
=005  20210520081217.94
=007  ta
=008  1205070u\\\\0\\\0001ba\\\0\\\\\\\\\\\\\\
=014  1\$a1565419$bOCoLC
=022  \\$a0037-1327
=035  \\$a(OCoLC)1565419
=035  \\$a(TestILS)c1269129x-01asu_inst
=245  00$aCrime and delinquency literature.
=561  \\$aTESTINST1
=583  \\$acommitted to retain$c20120507$dDecember 31, 2035$fTESTPROGRAM$fTESTPROGRAM Bronze$uhttp://localhost/services/testprogram/docs/TESTPROGRAMProgramStatement.pdf
=852  0\$aTESTINST1$bHDC$ctestprogram-trust$hHV6001$i.C73x
=866  30$80$a2(1970)-8(1976)

