=LDR  01014    a2200229 n 4500
=001  22862516870003841
=003  TestILS
=004  991027609989703841
=005  20210520081217.81
=007  ta
=008  1502180u\\\\0\\\0001ba\\\0\\\\\\\\\\\\\\
=014  1\$a5437130$bOCoLC
=022  0\$a0015-6604$l0015-6604
=035  \\$a(OCoLC)5437130
=035  \\$a(TestILS)c13568656-01asu_inst
=245  00$aFood service magazine.
=561  \\$aKKS
=561  \\$aUUS
=583  \\$acommitted to retain$c20150218$dDecember 31, 2035$fTESTPROGRAM$fTESTPROGRAM Gold$uhttp://localhost/services/testprogram/docs/TESTPROGRAMProgramStatement.pdf
=583  \\$acompleteness reviewed$c20150218$fTESTPROGRAM$fTESTPROGRAM Gold$iissue-level$lmissing volumes$zmissing vols. 18-21$lmissing issues$zmissing vol. 22 issue 6; vol. 25 issue 5; vol. 26 issues 1-7
=583  \\$acondition reviewed$c20150218$fTESTPROGRAM$fTESTPROGRAM Gold$iissue-level$lloose pages$zvol. 23 loose pages$ltight binding$zvols. 31-34 tight binding$lmissing images$zv.29 missing images
=852  0\$aTESTINST1$bHDC$ctestprogram-trust$hHD9999.R54$iF6
=866  30$80$a22(1960)-34, no.4(1972)

