=LDR  00582    a2200193 n 4500
=001  22935431830003841
=003  TestILS
=004  991046088009703841
=005  20210520081217.73
=007  ta
=008  1505290u\\\\0\\\0001ba\\\0\\\\\\\\\\\\\\
=014  1\$a34632613$bOCoLC
=022  \\$a1356-9317
=035  \\$a(OCoLC)34632613
=035  \\$a(TestILS)c13606736-01asu_inst
=245  00$aJournal of political ideologies.
=561  \\$aTESTINST1
=583  \\$acommitted to retain$c20130614$dDecember 31, 2035$fTESTPROGRAM$fTESTPROGRAM Bronze$uhttp://localhost/services/testprogram/docs/TESTPROGRAMProgramStatement.pdf
=852  0\$aTESTINST1$bHDC$ctestprogram-trust
=866  30$80$a7(2002)-11(2006)

