=LDR  00816    a2200241 n 4500
=001  22827865760003841
=003  TestILS
=004  991008742159703841
=005  20210520081217.53
=007  ta
=008  1505190u\\\\0\\\0001ba\\\0\\\\\\\\\\\\\\
=014  1\$a1071091$bOCoLC
=022  \\$a0046-0842
=035  \\$a(OCoLC)1071091
=035  \\$a(TestILS)c13604636-01asu_inst
=245  00$aDutch quarterly review of Anglo-American letters :$bDQR.
=561  \\$aTESTINST1
=561  \\$aORZ
=583  \\$acommitted to retain$c20150519$dDecember 31, 2035$fTESTPROGRAM$fTESTPROGRAM Gold$uhttp://localhost/services/testprogram/docs/TESTPROGRAMProgramStatement.pdf
=583  \\$acompleteness reviewed$c20150519$fTESTPROGRAM$fTESTPROGRAM Gold$iissue-level$lReprints$zvol. 1-2 Reprints
=583  \\$acondition reviewed$c20150519$fTESTPROGRAM$fTESTPROGRAM Gold$iissue-level
=852  0\$aTESTINST1$bHDC$ctestprogram-trust
=866  30$80$a1(1971)-21(1991)
=868  30$80$a1(1971)-10(1980)

