=LDR  00742ny  a22002173n 4500
=001  22821094750003841
=003  TestILS
=004  991018358009703841
=005  20210520081217.64
=007  ta
=008  1401170u\\\\0\\\0001ba\\\0\\\\\\\\\\\\\\
=014  1\$a16961931$bOCoLC
=022  \\$a0950-0790
=030  \\$aEREEEV
=035  \\$a(OCoLC)16961931
=035  \\$a(TestILS)c13381702-01asu_inst
=245  00$aEvaluation & research in education.
=561  \\$aTESTINST1
=583  \\$acommitted to retain$c20140117$dDecember 31, 2035$fTESTPROGRAM$fTESTPROGRAM Silver$uhttp://localhost/services/testprogram/docs/TESTPROGRAMProgramStatement.pdf
=583  \\$acompleteness reviewed$c20140117$fTESTPROGRAM$fTESTPROGRAM Silver$ivolume-level$lmissing volumes$zmissing vols. 1; 2 issue 1; 7 issue 3
=852  0\$aTESTINST1$bHDC$ctestprogram-trust
=866  30$80$a2(1988)-19(2006)

