=LDR  00760    a2200217 n 4500
=001  22866412290003841
=003  TestILS
=004  991013772179703841
=005  20210520081217.63
=007  ta
=008  1404090u\\\\0\\\0001ba\\\0\\\\\\\\\\\\\\
=014  1\$a27402863$bOCoLC
=022  0\$a1067-9839$l1067-9839
=035  \\$a(OCoLC)27402863
=035  \\$a(TestILS)c13381015-01asu_inst
=245  00$aKlik! :$bshowcase photography.
=561  \\$aNTD
=583  \\$acommitted to retain$c20140409$dDecember 31, 2035$fTESTPROGRAM$fTESTPROGRAM Gold$uhttp://localhost/services/testprogram/docs/TESTPROGRAMProgramStatement.pdf
=583  \\$acompleteness reviewed$c20140409$fTESTPROGRAM$fTESTPROGRAM Gold$iissue-level
=583  \\$acondition reviewed$c20140409$fTESTPROGRAM$fTESTPROGRAM Gold$iissue-level
=852  0\$aTESTINST1$bHDC$ctestprogram-trust$hTR690.4$i.A4
=866  30$80$a[1](1994)-11(2004)

