=LDR  00697    a2200205 n 4500
=001  22884907490003841
=003  TestILS
=004  991009987299703841
=005  20210520081217.96
=007  ta
=008  1705080u\\\\0\\\0001ba\\\0\\\\\\\\\\\\\\
=014  1\$a41011217$bOCoLC
=035  \\$a(OCoLC)41011217
=035  \\$a(TestILS)c14147555-01asu_inst
=245  10$aOutlook for travel and tourism :$bproceedings of the Travel Industry Association of America's ... annual Outlook Forum at the Travel Industry National Conference.
=561  \\$aTESTINST1
=583  \\$acommitted to retain$c20170508$dDecember 31, 2035$fTESTPROGRAM$fTESTPROGRAM Gold$uhttp://localhost/services/testprogram/docs/TESTPROGRAMProgramStatement.pdf
=583  \\$acompleteness reviewed$c20170508$fTESTPROGRAM$fTESTPROGRAM Gold$iissue-level
=583  \\$acondition reviewed$c20170508$fTESTPROGRAM$fTESTPROGRAM Gold$iissue-level
=852  0\$aTESTINST1$bHDC$ctestprogram-trust
=866  30$80$a(1996)

