=LDR  00798ny  a22002053n 4500
=001  22894932900003841
=003  TestILS
=004  991037138489703841
=005  20210520081217.99
=007  ta
=008  1404160u\\\\0\\\0001ba\\\0\\\\\\\\\\\\\\
=014  1\$a13405225$bOCoLC
=022  \\$a1046-3364
=035  \\$a(OCoLC)13405225
=035  \\$a(TestILS)c13396134-01asu_inst
=245  00$aResearch & teaching in developmental education.
=561  \\$aTESTINST1
=583  \\$acommitted to retain$c20140416$dDecember 31, 2035$fTESTPROGRAM$fTESTPROGRAM Silver$uhttp://localhost/services/testprogram/docs/TESTPROGRAMProgramStatement.pdf
=583  \\$acompleteness reviewed$c20140416$fTESTPROGRAM$fTESTPROGRAM Silver$ivolume-level$lbinding patterns vary$zvols. 1-4 bound together; vols. 21-23 bound together; for vols. 5-20, two vols. bound together as single piece
=852  0\$aTESTINST1$bHDC$ctestprogram-trust
=866  30$80$a1(1985)-23(2007)

