=LDR  00841ny  a22002293n 4500
=001  22845879980003841
=003  TestILS
=004  991017483019703841
=005  20210520081218.19
=007  ta
=008  1207120u\\\\0\\\0001ba\\\0\\\\\\\\\\\\\\
=014  1\$a1695696$bOCoLC
=022  \\$a0038-3929$l0038-3929$y0038-3930
=035  \\$a(OCoLC)1695696
=035  \\$a(TestILS)c1280969x-01asu_inst
=245  00$aSouthern California quarterly.
=561  \\$aTESTINST1
=583  \\$acommitted to retain$c20120712$dDecember 31, 2035$fTESTPROGRAM$fTESTPROGRAM Gold$uhttp://localhost/services/testprogram/docs/TESTPROGRAMProgramStatement.pdf
=583  \\$acompleteness reviewed$c20120712$fTESTPROGRAM$fTESTPROGRAM Gold$iissue-level$lmissing issues$zmissing v.70 issue 1
=583  \\$acondition reviewed$c20120712$fTESTPROGRAM$fTESTPROGRAM Gold$iissue-level
=852  0\$aTESTINST1$bHDC$ctestprogram-trust$hF867$i.H67
=866  30$80$a44(1962)-87(2006)
=868  30$80$a40(1958)-58(1976)

