=LDR  00664nx  a22001931n 4500
=003  TestILS
=004  991022861089703841
=007  ta
=001  221048188270003841
=008  1712205u\\\\0\\\0000ba\\\0\\\\\\
=005  20210520081218.14
=022  \\$a0326-3061
=035  \\$a(OCoLC)5305817
=245  00$aPunto de vista.
=583  \\$acommitted to retain$c20171205$dDecember 31, 2035$fTESTPROGRAM$fTESTPROGRAM Gold$uhttp://localhost/services/testprogram/docs/TESTPROGRAMProgramStatement.pdf
=583  \\$acompleteness reviewed$c20171205$fTESTPROGRAM$fTESTPROGRAM Gold$iissue level
=583  \\$acondition reviewed$c20171205$fTESTPROGRAM$fTESTPROGRAM Gold$iissue level
=561  \\$aTESTINST1
=852  0\$aTESTINST1$bHDC$ctestprogram-trust$hAP63 .P86x
=866  30$80$ano.1(1978)-83(2005)

