=LDR  00747    a2200217 n 4500
=001  22942588500003841
=003  TestILS
=004  991038895099703841
=005  20210520081217.54
=007  ta
=008  1605200u\\\\0\\\0001ba\\\0\\\\\\\\\\\\\\
=014  1\$a15057371$bOCoLC
=022  0\$a0897-4373
=035  \\$a(OCoLC)15057371
=035  \\$a(TestILS)c13794528-01asu_inst
=245  00$aVariety film reviews.
=561  \\$aTESTINST1
=583  \\$acommitted to retain$c20160520$dDecember 31, 2035$fTESTPROGRAM$fTESTPROGRAM Gold$uhttp://localhost/services/testprogram/docs/TESTPROGRAMProgramStatement.pdf
=583  \\$acompleteness reviewed$c20160520$fTESTPROGRAM$fTESTPROGRAM Gold$iissue-level
=583  \\$acondition reviewed$c20160520$fTESTPROGRAM$fTESTPROGRAM Gold$iissue-level
=852  0\$aTESTINST1$bHDC$ctestprogram-trust$hPN1993$i.V36
=866  30$80$a1(1907)-24(1996)

