=LDR  00794    a2200205 n 4500
=001  22818915530003841
=003  TestILS
=004  991022220869703841
=005  20210520081217.36
=007  ta
=008  1605010u\\\\0\\\0001ba\\\0\\\\\\\\\\\\\\
=014  1\$a27972578$bOCoLC
=035  \\$a(OCoLC)27972578
=035  \\$a(TestILS)c13785461-01asu_inst
=245  00$aMidwives chronicle :$bofficial journal of the Royal College of Midwives.
=561  \\$aTESTINST1
=583  \\$acommitted to retain$c20160501$dDecember 31, 2035$fTESTPROGRAM$fTESTPROGRAM Gold$uhttp://localhost/services/testprogram/docs/TESTPROGRAMProgramStatement.pdf
=583  \\$acompleteness reviewed$c20160501$fTESTPROGRAM$fTESTPROGRAM Gold$iissue-level$lmissing volumes$zv.71-95$lmissing issues$zissue 1166 (Mar 1985), 1231 (August 1990)
=583  \\$acondition reviewed$c20160501$fTESTPROGRAM$fTESTPROGRAM Gold$iissue-level
=852  0\$aTESTINST1$bHDC$ctestprogram-trust
=866  30$80$a95(1982)-107(1994)

