=LDR  00681ny  a22002173n 4500
=001  22882550590003841
=003  TestILS
=004  991011923829703841
=005  20210520081217.90
=007  ta
=008  1306130u\\\\0\\\0001ba\\\0\\\\\\\\\\\\\\
=014  1\$a2256965$bOCoLC
=022  \\$a0065-2008
=035  \\$a(OCoLC)2256965
=035  \\$a(TestILS)c13185330-01asu_inst
=245  00$aAdolescent psychiatry.
=561  \\$aTESTINST1
=561  \\$aCUS
=583  \\$acommitted to retain$c20130613$dDecember 31, 2035$fTESTPROGRAM$fTESTPROGRAM Silver$uhttp://localhost/services/testprogram/docs/TESTPROGRAMProgramStatement.pdf
=583  \\$acompleteness reviewed$c20130613$fTESTPROGRAM$fTESTPROGRAM Silver$ivolume-level
=852  0\$aTESTINST1$bHDC$ctestprogram-trust
=866  30$80$a1(1971)-29(2005)

