=LDR  00775ny  a22002053n 4500
=001  22825269030003841
=003  TestILS
=004  991003579489703841
=005  20210520081218.09
=007  ta
=008  1305210u\\\\0\\\0001ba\\\0\\\\\\\\\\\\\\
=014  1\$a3567324$bOCoLC
=022  0\$a1948-3317$l1948-3317
=035  \\$a(OCoLC)3567324
=035  \\$a(TestILS)c13180514-01asu_inst
=245  04$aThe quarterly of the Texas State Historical Association.
=561  \\$aTESTINST1
=583  \\$acommitted to retain$c20130521$dDecember 31, 2035$fTESTPROGRAM$fTESTPROGRAM Silver$uhttp://localhost/services/testprogram/docs/TESTPROGRAMProgramStatement.pdf
=583  \\$acompleteness reviewed$c20130521$fTESTPROGRAM$fTESTPROGRAM Silver$ivolume-level$lmissing volumes$zmissing vol. 5 issues 1 and 4$lReprints$zvols.1-2, 4, 7-13 Reprints
=852  0\$aTESTINST1$bHDC$ctestprogram-trust$hF381$i.T45
=866  30$80$a1(1897)-15(1911/1912)

