=LDR  00725nx  a22001931n 4500
=003  TestILS
=004  991018848239703841
=007  ta
=001  221048728060003841
=008  1801055u\\\\0\\\0000ba\\\0\\\\\\
=005  20210520081217.71
=022  \\$a0163-4143
=035  \\$a(OCoLC)3940724
=245  00$aStudies in contemporary satire.
=583  \\$acommitted to retain$c20180105$dDecember 31, 2035$fTESTPROGRAM$fTESTPROGRAM Gold$uhttp://localhost/services/testprogram/docs/TESTPROGRAMProgramStatement.pdf
=583  \\$acompleteness reviewed$c20180105$fTESTPROGRAM$fTESTPROGRAM Gold$iissue level$lmissing volumes$zmissing v.1-4
=583  \\$acondition reviewed$c20180105$fTESTPROGRAM$fTESTPROGRAM Gold$iissue level$ldamage$zdamaged back cover
=561  \\$aTESTINST1
=852  0\$aTESTINST1$bHDC$ctestprogram-trust$hPN6149.S2$iS7x
=866  30$80$a5(1978)-20(1996)

