=LDR  00759nx  a22001931n 4500
=003  TestILS
=004  991008741699703841
=007  ta
=001  221129847940003841
=008  1910315u\\\\0\\\0000ba\\\0\\\\\\
=005  20210520081217.53
=022  \\$a0424-6241
=035  \\$a(OCoLC)1064332$z(OCoLC)592937$z(OCoLC)1567640$z(OCoLC)26667482
=245  00$aEducators' guide to free health, physical education and recreation materials.
=583  \\$acommitted to retain$c20191031$dDecember 31, 2035$fTESTPROGRAM$fTESTPROGRAM Gold$uhttp://localhost/services/testprogram/docs/TESTPROGRAMProgramStatement.pdf
=583  \\$acompleteness reviewed$c20191031$fTESTPROGRAM$fTESTPROGRAM Gold$iissue level$lmissing issues$zmissing 1968-2009
=583  \\$acondition reviewed$c20191031$fTESTPROGRAM$fTESTPROGRAM Gold$iissue level
=561  \\$aTESTINST1
=852  0\$aTESTINST1$bHDC$ctestprogram-trust$hZ6121$i.E38
=866  30$80$ano.43(2010/2011)-48(2015/2016)

