=LDR  00711nx  a22001931n 4500
=003  TestILS
=004  991028898769703841
=007  ta
=001  221045718120003841
=008  1711150u\\\\0\\\0000ba\\\0\\\\\\
=005  20210520081218.19
=022  \\$a0570-9601
=035  \\$a(OCoLC)8228015
=245  00$aIndustrial engineering research :$bbulletin /$cDept. of Industrial Engineering, Arizona State University.
=583  \\$acommitted to retain$c20171115$dDecember 31, 2035$fTESTPROGRAM$fTESTPROGRAM Gold$uhttp://localhost/services/testprogram/docs/TESTPROGRAMProgramStatement.pdf
=583  \\$acompleteness reviewed$c20171115$fTESTPROGRAM$fTESTPROGRAM Gold$iissue level$lmissing volumes$zmissing v.6-8
=583  \\$acondition reviewed$c20171115$fTESTPROGRAM$fTESTPROGRAM Gold$iissue level
=561  \\$aTESTINST1
=852  0\$aTESTINST1$bHDC$ctestprogram-trust$hT55.4 .I584
=866  30$80$a1(1965)-5(1969), 9(1973)-11(1979)

