=LDR  00731    a2200217 n 4500
=001  22937466590003841
=003  TestILS
=004  991011456409703841
=005  20210520081217.71
=007  ta
=008  1505110u\\\\0\\\0001ba\\\0\\\\\\\\\\\\\\
=014  1\$a1461140$bOCoLC
=022  0\$a0065-2113
=035  \\$a(OCoLC)1461140
=035  \\$a(TestILS)c13598296-01asu_inst
=245  00$aAdvances in agronomy.
=561  \\$aTESTINST1
=583  \\$acommitted to retain$c20150511$dDecember 31, 2035$fTESTPROGRAM$fTESTPROGRAM Gold$uhttp://localhost/services/testprogram/docs/TESTPROGRAMProgramStatement.pdf
=583  \\$acompleteness reviewed$c20150511$fTESTPROGRAM$fTESTPROGRAM Gold$iissue-level
=583  \\$acondition reviewed$c20150511$fTESTPROGRAM$fTESTPROGRAM Gold$iissue-level
=852  0\$aTESTINST1$bHDC$ctestprogram-trust
=866  30$80$a1(1949)-88(2005)

