=LDR  00632nx  a22002051n 4500
=003  TestILS
=004  991048301285003841
=007  ta
=001  221097986020003841
=008  1812200u\\\\0\\\0000ba\\\0\\\\\\
=005  20210520081217.40
=022  \\$a0162-8399
=035  \\$a(OCoLC)4236156
=245  00$aScholastic science world.
=583  \\$acommitted to retain$c20181220$dDecember 31, 2035$fTESTPROGRAM$fTESTPROGRAM Silver$uhttp://localhost/services/testprogram/docs/TESTPROGRAMProgramStatement.pdf
=583  \\$acompleteness reviewed$c20181220$fTESTPROGRAM$fTESTPROGRAM Silver$ivolume level
=561  \\$aTESTINST1
=561  \\$aORE
=561  \\$aCDS
=852  0\$aTESTINST1$bHDC$ctestprogram-trust$hQ1$i.S8146
=866  30$80$a29(1974)-48(1992)

