=LDR  00739    a2200217 n 4500
=001  22965921770003841
=003  TestILS
=004  991013720609703841
=005  20210520081217.62
=007  ta
=008  1404090u\\\\0\\\0001ba\\\0\\\\\\\\\\\\\\
=014  1\$a12049409$bOCoLC
=022  \\$y0742-1877
=035  \\$a(OCoLC)12049409
=035  \\$a(TestILS)c13380953-01asu_inst
=245  14$aThe grito del sol collection.
=561  \\$aTESTINST1
=583  \\$acommitted to retain$c20140409$dDecember 31, 2035$fTESTPROGRAM$fTESTPROGRAM Gold$uhttp://localhost/services/testprogram/docs/TESTPROGRAMProgramStatement.pdf
=583  \\$acompleteness reviewed$c20140409$fTESTPROGRAM$fTESTPROGRAM Gold$iissue-level
=583  \\$acondition reviewed$c20140409$fTESTPROGRAM$fTESTPROGRAM Gold$iissue-level
=852  0\$aTESTINST1$bHDC$ctestprogram-trust$hPS508.M4$iG872
=866  30$80$a(1984)

