=LDR  00623nx  a22001811n 4500
=003  TestILS
=004  991048137798403841
=007  ta
=001  221077145220003841
=008  1807180u\\\\0\\\0000ba\\\0\\\\\\
=005  20210520081217.40
=022  \\$a0996-2743
=035  \\$a(OCoLC)1764130
=245  10$aRevue d'histoire moderne et contemporaine.
=583  \\$acommitted to retain$c20180718$dDecember 31, 2035$fTESTPROGRAM$fTESTPROGRAM Silver$uhttp://localhost/services/testprogram/docs/TESTPROGRAMProgramStatement.pdf
=583  \\$acompleteness reviewed$c20180718$fTESTPROGRAM$fTESTPROGRAM Silver$ivolume level$lmissing volumes$zmissing v.16-19
=561  \\$aWAU
=852  0\$aTESTINST1$bHDC$ctestprogram-trust$hD1$i.R27
=866  30$80$a1(1899)-15(1911)

