=LDR  00850    a2200229 n 4500
=001  22909899140003841
=003  TestILS
=004  991022909399703841
=005  20210520081217.76
=007  ta
=008  1311200u\\\\0\\\0001ba\\\0\\\\\\\\\\\\\\
=014  1\$a5933640$bOCoLC
=022  0\$a0007-6678
=035  \\$a(OCoLC)5933640
=035  \\$a(TestILS)c13280843-01asu_inst
=245  00$aBusiness education forum /$cUnited Business Education Association.
=561  \\$aTESTINST1
=561  \\$aCSJ
=583  \\$acommitted to retain$c20131120$dDecember 31, 2035$fTESTPROGRAM$fTESTPROGRAM Gold$uhttp://localhost/services/testprogram/docs/TESTPROGRAMProgramStatement.pdf
=583  \\$acompleteness reviewed$c20131120$fTESTPROGRAM$fTESTPROGRAM Gold$iissue-level$lmissing volumes$zmissing vols. 20-22, 34-55
=583  \\$acondition reviewed$c20131120$fTESTPROGRAM$fTESTPROGRAM Gold$iissue-level
=852  0\$aTESTINST1$bHDC$ctestprogram-trust$hHF1101.U57$iA2
=866  30$80$a4(1949)-19(1965), 23(1968)-33(1979), 56(2001)-60(2006)

