=LDR  00740    a2200217 n 4500
=001  22827013380003841
=003  TestILS
=004  991022655769703841
=005  20210520081217.37
=007  ta
=008  1404140u\\\\0\\\0001ba\\\0\\\\\\\\\\\\\\
=014  1\$a34781081$bOCoLC
=022  0\$a1088-9388
=035  \\$a(OCoLC)34781081
=035  \\$a(TestILS)c13381544-01asu_inst
=245  00$aPost-Soviet geography and economics.
=561  \\$aTESTINST1
=583  \\$acommitted to retain$c20140414$dDecember 31, 2035$fTESTPROGRAM$fTESTPROGRAM Gold$uhttp://localhost/services/testprogram/docs/TESTPROGRAMProgramStatement.pdf
=583  \\$acompleteness reviewed$c20140414$fTESTPROGRAM$fTESTPROGRAM Gold$iissue-level
=583  \\$acondition reviewed$c20140414$fTESTPROGRAM$fTESTPROGRAM Gold$iissue-level
=852  0\$aTESTINST1$bHDC$ctestprogram-trust
=866  30$80$a37(1996)-43, no.1(2002)

