=LDR  00637nx  a22001811n 4500
=003  TestILS
=004  991018821319703841
=007  ta
=001  221157039460003841
=008  2011200u\\\\0\\\0000ba\\\0\\\\\\
=005  20210520081217.64
=022  \\$a0163-6197
=035  \\$a(OCoLC)3523180
=245  00$aElectronic business.
=583  \\$acommitted to retain$c20201120$dDecember 31, 2035$fTESTPROGRAM$fTESTPROGRAM Silver$uhttp://localhost/services/testprogram/docs/TESTPROGRAMProgramStatement.pdf
=583  \\$acompleteness reviewed$c20201120$fTESTPROGRAM$fTESTPROGRAM Silver$ivolume level$lmissing volumes$zmissing (1975)-(1980)
=561  \\$aTESTINST1
=852  0\$aTESTINST1$bHDC$ctestprogram-trust$hHD9696.A3$iU5376
=866  30$80$a7(1981)-19(1993)

