=LDR  00549ny  a22001693n 4500
=003  TestILS
=004  991022888969703841
=005  20210520081217.76
=001  221156766690003841
=007  ta
=008  2011160u\\\\0\\\0000ba\\\0\\\\\\
=022  \\$a0171-8630
=035  \\$a(OCoLC)5696404
=245  00$aMarine ecology progress series.
=561  \\$aTESTINST1
=583  \\$acommitted to retain$c20201116$d20351231$fTESTPROGRAM$fTESTPROGRAM Bronze$uhttp://localhost/services/testprogram/docs/TESTPROGRAMProgramStatement.pdf
=852  0\$aTESTINST1$bHDC$ctestprogram-trust$hQH541.3.S3$iM26
=866  30$80$a1(1970)-206(2000), 208(2000)-111(1994), 118(1995)-401(2010)

