=LDR  00568nx  a22001691n 4500
=003  TestILS
=004  991011560079703841
=007  ta
=001  221064217950003841
=008  1804230u\\\\0\\\0000ba\\\0\\\\\\
=005  20210520081218.05
=035  \\$a(OCoLC)1570385
=245  14$aThe galaxy.
=583  \\$acommitted to retain$c20180423$dDecember 31, 2035$fTESTPROGRAM$fTESTPROGRAM Silver$uhttp://localhost/services/testprogram/docs/TESTPROGRAMProgramStatement.pdf
=583  \\$acompleteness reviewed$c20180423$fTESTPROGRAM$fTESTPROGRAM Silver$ivolume level
=561  \\$aTESTINST1
=852  0\$aTESTINST1$bHDC$ctestprogram-trust$hAP2 .G4
=866  30$80$a1(1866)-25, no.1(1878)

