=LDR  00664nx  a22001931n 4500
=003  TestILS
=004  991004585799703841
=007  ta
=001  221117229430003841
=008  1908165u\\\\0\\\0000ba\\\0\\\\\\
=005  20210520081218.09
=022  \\$a1099-3908
=035  \\$a(OCoLC)39047928
=245  00$aAfrican Americans information directory.
=583  \\$acommitted to retain$c20190823$dDecember 31, 2035$fTESTPROGRAM$fTESTPROGRAM Gold$uhttp://localhost/services/testprogram/docs/TESTPROGRAMProgramStatement.pdf
=583  \\$acompleteness reviewed$c20190823$fTESTPROGRAM$fTESTPROGRAM Gold$iissue level
=583  \\$acondition reviewed$c20190823$fTESTPROGRAM$fTESTPROGRAM Gold$iissue level
=561  \\$aTESTINST1
=852  0\$aTESTINST1$bHDC$ctestprogram-trust$hE185.5$i.B513
=866  30$80$ano.4(1998/1999)

