=LDR  00700nx  a22001931n 4500
=003  TestILS
=004  991011793549703841
=007  ta
=001  221147868920003841
=008  2006265u\\\\0\\\0000ba\\\0\\\\\\
=005  20210520081217.97
=022  \\$a0091-2263
=035  \\$a(OCoLC)1783662
=245  00$aPopulation and the population explosion:$ba bibliography.
=583  \\$acommitted to retain$c20200630$dDecember 31, 2035$fTESTPROGRAM$fTESTPROGRAM Gold$uhttp://localhost/services/testprogram/docs/TESTPROGRAMProgramStatement.pdf
=583  \\$acompleteness reviewed$c20200630$fTESTPROGRAM$fTESTPROGRAM Gold$iissue level$lmissing issues$zmissing (1973)-(1976)
=583  \\$acondition reviewed$c20200630$fTESTPROGRAM$fTESTPROGRAM Gold$iissue level
=561  \\$aTESTINST1
=852  0\$aTESTINST1$bHDC$ctestprogram-trust$hHB871$i.P652x
=866  30$80$a(1970)-(1972)

