=LDR  00632nx  a22001811n 4500
=003  TestILS
=004  991011895509703841
=007  ta
=001  221106397760003841
=008  1905150u\\\\0\\\0000ba\\\0\\\\\\
=005  20210520081217.66
=022  \\$a0377-1547
=035  \\$a(OCoLC)2241371
=245  00$aStatistics of foreign trade:$pMonthly bulletin. Series A.
=583  \\$acommitted to retain$c20190515$dDecember 31, 2035$fTESTPROGRAM$fTESTPROGRAM Silver$uhttp://localhost/services/testprogram/docs/TESTPROGRAMProgramStatement.pdf
=583  \\$acompleteness reviewed$c20190515$fTESTPROGRAM$fTESTPROGRAM Silver$ivolume level$lmissing volumes$zmissing (1974 JUN)-(1981 DEC)
=561  \\$aTESTINST1
=852  0\$aTESTINST1$bHDC$ctestprogram-trust$hHF1016$i.S83x
=866  30$80$a(1982)

