=LDR  00655nx  a22001931n 4500
=003  TestILS
=004  991014221889703841
=007  ta
=001  221155099570003841
=008  21040185u\\\\0\\\0000ba\\\0\\\\\\
=005  20210520081218.15
=022  \\$a0304-8845
=035  \\$a(OCoLC)2740814
=245  00$aPTL.
=583  \\$acommitted to retain$c20210418$d20351231$fTESTPROGRAM$fTESTPROGRAM Gold$uhttp://localhost/services/testprogram/docs/TESTPROGRAMProgramStatement.pdf
=583  \\$acompleteness reviewed$c20210418$fTESTPROGRAM$fTESTPROGRAM Gold$iissue level
=583  \\$acondition reviewed$c20210418$fTESTPROGRAM$fTESTPROGRAM Gold$iissue level
=561  \\$aTESTINST1
=852  0\$aTESTINST1$bHDC$ctestprogram-trust$hPN1039$i.P12x
=866  30$80$a1(1976)-4(1979)

