=LDR  00797    a2200217 n 4500
=001  22934012270003841
=003  TestILS
=004  991011528189703841
=005  20210520081217.94
=007  ta
=008  1605200u\\\\0\\\0001ba\\\0\\\\\\\\\\\\\\
=014  1\$a1564520$bOCoLC
=022  0\$a0045-7736
=035  \\$a(OCoLC)1564520
=035  \\$a(TestILS)c13831690-01asu_inst
=245  00$aCommunity education journal.
=561  \\$aTESTINST1
=583  \\$acommitted to retain$c20160520$dDecember 31, 2035$fTESTPROGRAM$fTESTPROGRAM Gold$uhttp://localhost/services/testprogram/docs/TESTPROGRAMProgramStatement.pdf
=583  \\$acompleteness reviewed$c20160520$fTESTPROGRAM$fTESTPROGRAM Gold$iissue-level
=583  \\$acondition reviewed$c20160520$fTESTPROGRAM$fTESTPROGRAM Gold$iissue-level$ltight binidng$zv.5 tight binding$lloose pages$zv.8:1 loose pages
=852  0\$aTESTINST1$bHDC$ctestprogram-trust
=866  30$80$a1(1971)-30(2007)

