=LDR  01042nx  a22002051n 4500
=003  TestILS
=004  991017466099703841
=007  ta
=001  221067406280003841
=008  1805165u\\\\0\\\0000ba\\\0\\\\\\
=005  20210520081218.19
=022  \\$a0077-5274
=035  \\$a(OCoLC)1692218
=245  10$aReport.
=583  \\$acommitted to retain$c20180523$dDecember 31, 2035$fTESTPROGRAM$fTESTPROGRAM Gold$uhttp://localhost/services/testprogram/docs/TESTPROGRAMProgramStatement.pdf
=583  \\$acompleteness reviewed$c20180523$fTESTPROGRAM$fTESTPROGRAM Gold$iissue level$lmissing volumes$zmissing no.17; no.21; no.28; no.35; no.37B; no.38-44; no.46-62; no.64-72; no.74-75; no.78-82; no.84-87; no.89; no.91-99; no.105-115
=583  \\$acondition reviewed$c20180523$fTESTPROGRAM$fTESTPROGRAM Gold$iissue level
=561  \\$aTESTINST1
=852  0\$aTESTINST1$bHDC$ctestprogram-trust$hHM261 .A1 N3
=866  30$80$a1(1941)-16(1943),18[1943]-20[1944], 22-27(1945), 29(1945)-34(1947), 36(1947)-37(1948), 45(1951), 63(1957), 73(1960), 76(1960)-77(1961), 83(1962), 88(1963), 90(1963), 100(1964)-104(1965), 116(1966)-121(1967)
=867  30$80$ano.2-3(1941)-(1942)

