=LDR  00660ny  a22001933n 4500
=001  22888223400003841
=003  TestILS
=004  991014645739703841
=005  20210520081218.16
=007  ta
=008  1405080u\\\\0\\\0001ba\\\0\\\\\\\\\\\\\\
=014  1\$a5592106$bOCoLC
=035  \\$a(OCoLC)5592106
=035  \\$a(TestILS)c13403989-01asu_inst
=245  00$aData education.
=561  \\$aORZ
=583  \\$acommitted to retain$c20140508$dDecember 31, 2035$fTESTPROGRAM$fTESTPROGRAM Silver$uhttp://localhost/services/testprogram/docs/TESTPROGRAMProgramStatement.pdf
=583  \\$acompleteness reviewed$c20140508$fTESTPROGRAM$fTESTPROGRAM Silver$ivolume-level
=852  0\$aTESTINST1$bHDC$ctestprogram-trust$hQA76.27$i.J687x
=866  30$80$a12(1971)-13, no. 2(1972)

