=LDR  00765ny  a22002293n 4500
=001  22954604890003841
=003  TestILS
=004  991011481579703841
=005  20210520081217.68
=007  ta
=008  1206270u\\\\0\\\0001ba\\\0\\\\\\\\\\\\\\
=014  1\$a1481559$bOCoLC
=022  0\$a0003-5491$l0003-5491
=035  \\$a(OCoLC)1481559
=035  \\$a(TestILS)c12807229-01asu_inst
=245  00$aAnthropological quarterly.
=561  \\$aTESTINST1
=561  \\$aORE
=561  \\$aUUM
=583  \\$acommitted to retain$c20120627$dDecember 31, 2035$fTESTPROGRAM$fTESTPROGRAM Silver$uhttp://localhost/services/testprogram/docs/TESTPROGRAMProgramStatement.pdf
=583  \\$acompleteness reviewed$c20120627$fTESTPROGRAM$fTESTPROGRAM Silver$ivolume-level$lmissing volumes$zmissing vol. 26 issue 1
=852  0\$aTESTINST1$bHDC$ctestprogram-trust$hGN1$i.P7
=866  30$80$a26(1953)-78(2005)

