=LDR  00653nx  a22001931n 4500
=003  TestILS
=004  991033880559703841
=007  ta
=001  221154737540003841
=008  2103185u\\\\0\\\0000ba\\\0\\\\\\
=005  20210520081218.00
=022  \\$a0748-0865
=035  \\$a(OCoLC)10869258
=245  10$aPoetry series.
=583  \\$acommitted to retain$c20210318$d20351231$fTESTPROGRAM$fTESTPROGRAM Gold$uhttp://localhost/services/testprogram/docs/TESTPROGRAMProgramStatement.pdf
=583  \\$acompleteness reviewed$c20210318$fTESTPROGRAM$fTESTPROGRAM Gold$iissue level
=583  \\$acondition reviewed$c20210318$fTESTPROGRAM$fTESTPROGRAM Gold$iissue level
=561  \\$aTESTINST1
=852  0\$aTESTINST1$bHDC$ctestprogram-trust$hAP2$i.Q29
=866  30$80$a24(1983)-29(1989)

