=LDR  00660nx  a22001811n 4500
=003  TestILS
=004  991022898179703841
=007  ta
=001  221134808630003841
=008  1912315u\\\\0\\\0000ba\\\0\\\\\\
=005  20210520081217.76
=035  \\$a(OCoLC)5792881
=245  10$aN.E.A. bulletin.
=583  \\$acommitted to retain$c20191231$dDecember 31, 2035$fTESTPROGRAM$fTESTPROGRAM Gold$uhttp://localhost/services/testprogram/docs/TESTPROGRAMProgramStatement.pdf
=583  \\$acompleteness reviewed$c20191231$fTESTPROGRAM$fTESTPROGRAM Gold$iissue level$lreprints$z1(1913)-9(1920)
=583  \\$acondition reviewed$c20191231$fTESTPROGRAM$fTESTPROGRAM Gold$iissue level
=561  \\$aTESTINST1
=852  0\$aTESTINST1$bHDC$ctestprogram-trust$hL11$i.N15
=866  30$80$a1(1913)-9(1920)

