=LDR  00775    a2200217 n 4500
=001  22892637740003841
=003  TestILS
=004  991037130129703841
=005  20210520081217.99
=007  ta
=008  1505190u\\\\0\\\0001ba\\\0\\\\\\\\\\\\\\
=014  1\$a13071465$bOCoLC
=022  \\$a0742-9681
=035  \\$a(OCoLC)13071465
=035  \\$a(TestILS)c13604375-01asu_inst
=245  10$aReader.
=561  \\$aTESTINST1
=583  \\$acommitted to retain$c20150519$dDecember 31, 2035$fTESTPROGRAM$fTESTPROGRAM Gold$uhttp://localhost/services/testprogram/docs/TESTPROGRAMProgramStatement.pdf
=583  \\$acompleteness reviewed$c20150519$fTESTPROGRAM$fTESTPROGRAM Gold$iissue-level
=583  \\$acondition reviewed$c20150519$fTESTPROGRAM$fTESTPROGRAM Gold$iissue-level$ltight binding$zno. 4, 6 tight binding
=852  0\$aTESTINST1$bHDC$ctestprogram-trust
=866  30$80$ano.1(1977)-53(2005)

