=LDR  00670ny  a22002053n 4500
=001  22964622260003841
=003  TestILS
=004  991045055539703841
=005  20210520081218.06
=007  ta
=008  1605200u\\\\0\\\0001ba\\\0\\\\\\\\\\\\\\
=014  1\$a41464160$bOCoLC
=022  \\$a1536-1012
=035  \\$a(OCoLC)41464160
=035  \\$a(TestILS)c13831677-01asu_inst
=245  10$aForum journal :$bthe journal of the National Trust for Historic Preservation.
=561  \\$aTESTINST1
=583  \\$acommitted to retain$c20160520$dDecember 31, 2035$fTESTPROGRAM$fTESTPROGRAM Silver$uhttp://localhost/services/testprogram/docs/TESTPROGRAMProgramStatement.pdf
=583  \\$acompleteness reviewed$c20160520$fTESTPROGRAM$fTESTPROGRAM Silver$ivolume-level
=852  0\$aTESTINST1$bHDC$ctestprogram-trust
=866  30$80$a13, no.3(1999)-17(2007)

