=LDR  00731    a2200217 n 4500
=001  22839374600003841
=003  TestILS
=004  991003183319703841
=005  20210520081218.09
=007  ta
=008  1505290u\\\\0\\\0001ba\\\0\\\\\\\\\\\\\\
=014  1\$a36148685$bOCoLC
=022  0\$a1092-2199
=035  \\$a(OCoLC)36148685
=035  \\$a(TestILS)c13606505-01asu_inst
=245  00$aReview of suicidology :$ban official publication of the American Association of Suicidology.
=561  \\$aTESTINST1
=583  \\$acommitted to retain$c20150529$dDecember 31, 2035$fTESTPROGRAM$fTESTPROGRAM Gold$uhttp://localhost/services/testprogram/docs/TESTPROGRAMProgramStatement.pdf
=583  \\$acompleteness reviewed$c20150529$fTESTPROGRAM$fTESTPROGRAM Gold$iissue-level
=583  \\$acondition reviewed$c20150529$fTESTPROGRAM$fTESTPROGRAM Gold$iissue-level
=852  0\$aTESTINST1$bHDC$ctestprogram-trust
=866  30$80$a(1997), (2000)

