=LDR  00731    a2200217 n 4500
=001  22882721470003841
=003  TestILS
=004  991047305749703841
=005  20210520081217.39
=007  ta
=008  1505150u\\\\0\\\0001ba\\\0\\\\\\\\\\\\\\
=014  1\$a5144328$bOCoLC
=022  0\$a0888-3602
=035  \\$a(OCoLC)5144328
=035  \\$a(TestILS)c1359851x-01asu_inst
=245  10$aProceedings /$cUtah Academy of Sciences.
=561  \\$aTESTINST1
=583  \\$acommitted to retain$c20150515$dDecember 31, 2035$fTESTPROGRAM$fTESTPROGRAM Gold$uhttp://localhost/services/testprogram/docs/TESTPROGRAMProgramStatement.pdf
=583  \\$acompleteness reviewed$c20150515$fTESTPROGRAM$fTESTPROGRAM Gold$iissue-level
=583  \\$acondition reviewed$c20150515$fTESTPROGRAM$fTESTPROGRAM Gold$iissue-level
=852  0\$aTESTINST1$bHDC$ctestprogram-trust
=866  30$80$a6(1929)-10(1933)

