=LDR  00684ny  a22002053n 4500
=001  22950012230003841
=003  TestILS
=004  991000416499703841
=005  20210520081217.77
=007  ta
=008  1207100u\\\\0\\\0001ba\\\0\\\\\\\\\\\\\\
=014  1\$a1480198$bOCoLC
=022  0\$a1550-3283$l1550-3283
=035  \\$a(OCoLC)1480198
=035  \\$a(TestILS)c1280907x-01asu_inst
=245  04$aThe American journal of theology.
=561  \\$aWAU
=583  \\$acommitted to retain$c20120710$dDecember 31, 2035$fTESTPROGRAM$fTESTPROGRAM Silver$uhttp://localhost/services/testprogram/docs/TESTPROGRAMProgramStatement.pdf
=583  \\$acompleteness reviewed$c20120710$fTESTPROGRAM$fTESTPROGRAM Silver$ivolume-level
=852  0\$aTESTINST1$bHDC$ctestprogram-trust$hBR1.A2$iA6
=866  30$80$a1(1897)-24(1920)

