=LDR  00666nx  a22001931n 4500
=003  TestILS
=004  991027117299703841
=007  ta
=001  221068529540003841
=008  1805165u\\\\0\\\0000ba\\\0\\\\\\
=005  20210520081217.68
=022  \\$a0509-3015
=035  \\$a(OCoLC)1721848
=245  10$aAbridged final report of the ... session /$cWorld Meteorological Organization, Regional Association VI (Europe).
=583  \\$acommitted to retain$c20180523$dDecember 31, 2035$fTESTPROGRAM$fTESTPROGRAM Gold$uhttp://localhost/services/testprogram/docs/TESTPROGRAMProgramStatement.pdf
=583  \\$acompleteness reviewed$c20180523$fTESTPROGRAM$fTESTPROGRAM Gold$iissue level
=583  \\$acondition reviewed$c20180523$fTESTPROGRAM$fTESTPROGRAM Gold$iissue level
=561  \\$aTESTINST1
=852  0\$aTESTINST1$bHDC$ctestprogram-trust$hQC851 .W6445
=866  30$80$ano.7(1978)-10(1990)

