=LDR  00745ny  a22002173n 4500
=001  22819063710003841
=003  TestILS
=004  991020847329703841
=005  20210520081217.85
=007  ta
=008  1505220u\\\\0\\\0001ba\\\0\\\\\\\\\\\\\\
=014  1\$a4621187$bOCoLC
=022  0\$a0191-4545
=035  \\$a(OCoLC)4621187
=035  \\$a(TestILS)c13605173-01asu_inst
=245  00$aEurope.
=561  \\$aTESTINST1
=561  \\$aCPS
=583  \\$acommitted to retain$c20150522$dDecember 31, 2035$fTESTPROGRAM$fTESTPROGRAM Silver$uhttp://localhost/services/testprogram/docs/TESTPROGRAMProgramStatement.pdf
=583  \\$acompleteness reviewed$c20150522$fTESTPROGRAM$fTESTPROGRAM Silver$ivolume-level$lmissing volumes$zmissing no.211-216
=852  0\$aTESTINST1$bHDC$ctestprogram-trust
=866  30$80$ano.217(1980)-234(1982), 403(2001)-422(2003)

