=LDR  00648ny  a22002053n 4500
=001  22842219150003841
=003  TestILS
=004  991017018929703841
=005  20210520081218.18
=007  ta
=008  1205010u\\\\0\\\0001ba\\\0\\\\\\\\\\\\\\
=014  1\$a1567742$bOCoLC
=022  \\$a0013-4694$y0013-4649$y0168-5597$y0921-884X$y0924-980X
=030  \\$aECNEAZ
=035  \\$a(OCoLC)1567742
=035  \\$a(TestILS)c12689014-01asu_inst
=245  00$aElectroencephalography and clinical neurophysiology.
=561  \\$aTESTINST1
=583  \\$acommitted to retain$c20120501$dDecember 31, 2035$fTESTPROGRAM$fTESTPROGRAM Bronze$uhttp://localhost/services/testprogram/docs/TESTPROGRAMProgramStatement.pdf
=852  0\$aTESTINST1$bHDC$ctestprogram-trust
=866  30$80$a1(1949)-109(1998)

