=LDR  00631nx  a22001811n 4500
=003  TestILS
=004  991044152759703841
=007  ta
=001  221103118920003841
=008  1805165u\\\\0\\\0000ba\\\0\\\\\\
=005  20210520081217.51
=035  \\$a(OCoLC)41633140
=245  00$aTrade Dimensions ... market scope.$pThe desktop guide to category sales.
=583  \\$acommitted to retain$c20180523$dDecember 31, 2035$fTESTPROGRAM$fTESTPROGRAM Gold$uhttp://localhost/services/testprogram/docs/TESTPROGRAMProgramStatement.pdf
=583  \\$acompleteness reviewed$c20180523$fTESTPROGRAM$fTESTPROGRAM Gold$iissue level
=583  \\$acondition reviewed$c20180523$fTESTPROGRAM$fTESTPROGRAM Gold$iissue level
=561  \\$aTESTINST1
=852  0\$aTESTINST1$bHDC$ctestprogram-trust$hHD9321.2$i.M38x
=866  30$80$a(1999)

