=LDR  01235ny  a22002293n 4500
=001  22877334910003841
=003  TestILS
=004  991011581599703841
=005  20210520081217.79
=007  ta
=008  1305150u\\\\0\\\0001ba\\\0\\\\\\\\\\\\\\
=014  1\$a1590519$bOCoLC
=022  \\$a0021-4604
=035  \\$a(OCoLC)1590519
=035  \\$a(TestILS)c1315106x-01asu_inst
=245  10$aJapan report =$bNihon.
=561  \\$aTESTINST1
=561  \\$aORZ
=583  \\$acommitted to retain$c20130515$dDecember 31, 2035$fTESTPROGRAM$fTESTPROGRAM Gold$uhttp://localhost/services/testprogram/docs/TESTPROGRAMProgramStatement.pdf
=583  \\$acompleteness reviewed$c20130515$fTESTPROGRAM$fTESTPROGRAM Gold$iissue-level$lmissing issues$zmissing v.1 issues 2-5; v.2 issue 4; v.3 issues 10-12,15-17,19; v.4 issues 2-4,10; v.5 issues 6,20; v.8 issues 6-7,9,12-13,15-17; v.9 issues 7; v.11 issue 24; v.12 issue 24; v.13 issue 24; v.15 issue 24; v.24 issues 23-24; v.25 issues 1-20,24; v.28 issues 3-12; v.31 issues 5-8; v.33 issue 9; v.37 issue 10$lReprints$z24:22; 29:4; 32:8; 34:1,4 reprints
=583  \\$acondition reviewed$c20130515$fTESTPROGRAM$fTESTPROGRAM Gold$iissue-level$ltight binding$ztight binding v.13-38, previous whole punch binding has cut out some letters of text
=852  0\$aTESTINST1$bHDC$ctestprogram-trust$hDS889$i.J34
=866  30$80$a1(1955)-39(1993)

