=LDR  00530ny  a22001693n 4500
=003  TestILS
=004  991005903269703841
=005  20210520081218.16
=001  221098638350003841
=007  ta
=008  1901110u\\\\0\\\0001aa\\\0\\\\\\\\\\\\\8
=022  \\$a0425-0494
=035  \\$a(OCoLC)809712
=245  00$aEnglish in education.
=561  \\$aTESTINST1
=583  \\$acommitted to retain$c20190111$dDecember 31, 2035$fTESTPROGRAM$fTESTPROGRAM Bronze$uhttp://localhost/services/testprogram/docs/TESTPROGRAMProgramStatement.pdf
=852  0\$aTESTINST1$bHDC$ctestprogram-trust$hPE1065.A1$iE5x
=866  30$80$a3(1969), 5(1971)-38(2004)

