=LDR  00611nx  a22001811n 4500
=003  TestILS
=004  991035512899703841
=007  ta
=001  221111809970003841
=008  1906090u\\\\0\\\0000ba\\\0\\\\\\
=005  20210520081217.98
=022  \\$a0886-3121
=035  \\$a(OCoLC)12862395
=245  00$aIn-plant reproductions & electronic publishing.
=583  \\$acommitted to retain$c20190609$dDecember 31, 2035$fTESTPROGRAM$fTESTPROGRAM Silver$uhttp://localhost/services/testprogram/docs/TESTPROGRAMProgramStatement.pdf
=583  \\$acompleteness reviewed$c20190609$fTESTPROGRAM$fTESTPROGRAM Silver$ivolume level
=561  \\$aTESTINST1
=852  0\$aTESTINST1$bHDC$ctestprogram-trust$hZ252.5.O5$iR39
=866  30$80$a35, no.11(1985)-38, no.11(1988)

