=LDR  00723nx  a22001931n 4500
=003  TestILS
=004  991014175369703841
=007  ta
=001  221155098400003841
=008  2104185u\\\\0\\\0000ba\\\0\\\\\\
=005  20210520081217.92
=022  \\$a0318-3610
=035  \\$a(OCoLC)2441909
=245  00$aMatrix.
=583  \\$acommitted to retain$c20210418$d20351231$fTESTPROGRAM$fTESTPROGRAM Gold$uhttp://localhost/services/testprogram/docs/TESTPROGRAMProgramStatement.pdf
=583  \\$acompleteness reviewed$c20210418$fTESTPROGRAM$fTESTPROGRAM Gold$iissue level$lmissing issues$zmissing 1(1975)-17(1983), 42(1994) and after
=583  \\$acondition reviewed$c20210418$fTESTPROGRAM$fTESTPROGRAM Gold$iissue level
=561  \\$aTESTINST1
=852  0\$aTESTINST1$bHDC$ctestprogram-trust$hPR9194.9$i.M3x
=866  30$80$ano. 18(1984)-41(1993)

