=LDR  00783ny  a22002293n 4500
=001  22947186360003841
=003  TestILS
=004  991011686499703841
=005  20210520081218.13
=007  ta
=008  1306100u\\\\0\\\0001ba\\\0\\\\\\\\\\\\\\
=014  1\$a1754651$bOCoLC
=022  \\$a0022-2267
=035  \\$a(OCoLC)1754651
=035  \\$a(TestILS)c13184179-01asu_inst
=245  00$aJournal of linguistics.
=561  \\$aTESTINST1
=561  \\$aSTA
=561  \\$aHTM
=583  \\$acommitted to retain$c20130610$dDecember 31, 2035$fTESTPROGRAM$fTESTPROGRAM Silver$uhttp://localhost/services/testprogram/docs/TESTPROGRAMProgramStatement.pdf
=583  \\$acompleteness reviewed$c20130610$fTESTPROGRAM$fTESTPROGRAM Silver$ivolume-level$lbinding patterns vary$zfor vols. 1-22 two volumes bound together as single piece
=852  0\$aTESTINST1$bHDC$ctestprogram-trust
=866  30$80$a1(1965)-41(2005)

