=LDR  00682ny  a22002053n 4500
=001  22885768530003841
=003  TestILS
=004  991008685719703841
=005  20210520081217.52
=007  ta
=008  1308200u\\\\0\\\0001ba\\\0\\\\\\\\\\\\\\
=014  1\$a1568347$bOCoLC
=022  \\$a0996-2735$l0996-2735
=035  \\$a(OCoLC)1568347
=035  \\$a(TestILS)c13245302-01asu_inst
=245  00$aÉtudes d'histoire moderne et contemporaine.
=561  \\$aWAU
=583  \\$acommitted to retain$c20130820$dDecember 31, 2035$fTESTPROGRAM$fTESTPROGRAM Silver$uhttp://localhost/services/testprogram/docs/TESTPROGRAMProgramStatement.pdf
=583  \\$acompleteness reviewed$c20130820$fTESTPROGRAM$fTESTPROGRAM Silver$ivolume-level
=852  0\$aTESTINST1$bHDC$ctestprogram-trust$hD2$i.S632
=866  30$80$a1(1947)-4(1951)

