=LDR  00728nx  a22001931n 4500
=003  TestILS
=004  991018736039703841
=007  ta
=001  221134648460003841
=008  1912315u\\\\0\\\0000ba\\\0\\\\\\
=005  20210520081217.64
=022  \\$a1914-4083$l1914-4083$y0316-1609
=035  \\$a(OCoLC)156036070$z(OCoLC)121522882$z(OCoLC)612368028
=245  10$aRoom.
=583  \\$acommitted to retain$c20191231$dDecember 31, 2035$fTESTPROGRAM$fTESTPROGRAM Gold$uhttp://localhost/services/testprogram/docs/TESTPROGRAMProgramStatement.pdf
=583  \\$acompleteness reviewed$c20191231$fTESTPROGRAM$fTESTPROGRAM Gold$iissue level
=583  \\$acondition reviewed$c20191231$fTESTPROGRAM$fTESTPROGRAM Gold$iissue level
=561  \\$aTESTINST1
=852  0\$aTESTINST1$bHDC$ctestprogram-trust$hPR9194.5.W6$iR66
=866  30$80$a30(2007)-38(2015)

