=LDR  00693nx  a22001931n 4500
=003  TestILS
=004  991020810119703841
=007  ta
=001  221132177280003841
=008  1912315u\\\\0\\\0000ba\\\0\\\\\\
=005  20210520081217.83
=022  \\$a0272-5371
=035  \\$a(OCoLC)4257159
=245  00$aWestern bank directory.
=583  \\$acommitted to retain$c20191231$dDecember 31, 2035$fTESTPROGRAM$fTESTPROGRAM Gold$uhttp://localhost/services/testprogram/docs/TESTPROGRAMProgramStatement.pdf
=583  \\$acompleteness reviewed$c20191231$fTESTPROGRAM$fTESTPROGRAM Gold$iissue level$lmissing issues$zmissing
=583  \\$acondition reviewed$c20191231$fTESTPROGRAM$fTESTPROGRAM Gold$iissue level
=561  \\$aTESTINST1
=852  0\$aTESTINST1$bHDC$ctestprogram-trust$hHG2609$i.W47
=866  30$80$ano. 35(1983)-41(1989)

