=LDR  00732nx  a22001931n 4500
=003  TestILS
=004  991011785139703841
=007  ta
=001  221135122120003841
=008  2001285u\\\\0\\\0000ba\\\0\\\\\\
=005  20210520081217.97
=022  \\$a0021-728X
=035  \\$a(OCoLC)1782595
=245  00$aJohnsonian news letter.
=583  \\$acommitted to retain$c20200128$dDecember 31, 2035$fTESTPROGRAM$fTESTPROGRAM Gold$uhttp://localhost/services/testprogram/docs/TESTPROGRAMProgramStatement.pdf
=583  \\$acompleteness reviewed$c20200128$fTESTPROGRAM$fTESTPROGRAM Gold$iissue level$lmissing issues$zmissing 54(2003)-58(2007), 60(2009)-63(2012)
=583  \\$acondition reviewed$c20200128$fTESTPROGRAM$fTESTPROGRAM Gold$iissue level
=561  \\$aTESTINST1
=852  0\$aTESTINST1$bHDC$ctestprogram-trust$hPR1$i.J64
=866  30$80$a1(1940)-53(1993), 59(2008)

