=LDR  00594nx  a22001811n 4500
=003  TestILS
=004  991011758429703841
=007  ta
=001  221111805170003841
=008  1906120u\\\\0\\\0000ba\\\0\\\\\\
=005  20210520081217.56
=022  \\$a0074-1388
=035  \\$a(OCoLC)1771689
=245  00$aBulletin bibliographique de la Société internationale arthurienne.$bBibliographical bulletin of the International Arthurian Society.
=583  \\$acommitted to retain$c20190612$dDecember 31, 2035$fTESTPROGRAM$fTESTPROGRAM Silver$uhttp://localhost/services/testprogram/docs/TESTPROGRAMProgramStatement.pdf
=583  \\$acompleteness reviewed$c20190612$fTESTPROGRAM$fTESTPROGRAM Silver$ivolume level
=561  \\$aTESTINST1
=852  0\$aTESTINST1$bHDC$ctestprogram-trust$hPN57.A6$iZ991
=866  30$80$a1(1949)-63(2011)

