=LDR  00795ny  a22002173n 4500
=001  22834255690003841
=003  TestILS
=004  991011800789703841
=005  20210520081217.98
=007  ta
=008  1205230u\\\\0\\\0001ba\\\0\\\\\\\\\\\\\\
=014  1\$a1785546$bOCoLC
=022  0\$a0090-5674
=035  \\$a(OCoLC)1785546
=035  \\$a(TestILS)c12790540-01asu_inst
=245  10$aPaideuma.
=561  \\$aTESTINST1
=583  \\$acommitted to retain$c20120523$dDecember 31, 2035$fTESTPROGRAM$fTESTPROGRAM Gold$uhttp://localhost/services/testprogram/docs/TESTPROGRAMProgramStatement.pdf
=583  \\$acompleteness reviewed$c20120523$fTESTPROGRAM$fTESTPROGRAM Gold$iissue-level$lbinding patterns vary$zvol. 24-25, 31-32 bound as single units
=583  \\$acondition reviewed$c20120523$fTESTPROGRAM$fTESTPROGRAM Gold$iissue-level
=852  0\$aTESTINST1$bHDC$ctestprogram-trust
=866  30$80$a1(1972)-34(2005)

