=LDR  00758    a2200229 n 4500
=001  22932267440003841
=003  TestILS
=004  991032306819703841
=005  20210520081218.03
=007  ta
=008  1505190u\\\\0\\\0001ba\\\0\\\\\\\\\\\\\\
=014  1\$a10063469$bOCoLC
=022  0\$a0741-0131
=022  0\$a0741-0131
=035  \\$a(OCoLC)10063469
=035  \\$a(TestILS)c13604570-01asu_inst
=245  00$aInternational review of mental imagery.
=561  \\$aTESTINST1
=583  \\$acommitted to retain$c20150519$dDecember 31, 2035$fTESTPROGRAM$fTESTPROGRAM Gold$uhttp://localhost/services/testprogram/docs/TESTPROGRAMProgramStatement.pdf
=583  \\$acompleteness reviewed$c20150519$fTESTPROGRAM$fTESTPROGRAM Gold$iissue-level
=583  \\$acondition reviewed$c20150519$fTESTPROGRAM$fTESTPROGRAM Gold$iissue-level
=852  0\$aTESTINST1$bHDC$ctestprogram-trust
=866  30$80$a1(1984)-2(1986)

