=LDR  00771    a2200241 n 4500
=001  22899696680003841
=003  TestILS
=004  991027181509703841
=005  20210520081217.80
=007  ta
=008  1404160u\\\\0\\\0001ba\\\0\\\\\\\\\\\\\\
=014  1\$a7718220$bOCoLC
=022  \\$a1010-1608
=035  \\$a(OCoLC)7718220
=035  \\$a(TestILS)c13402249-01asu_inst
=245  04$aThe Journal of East Asian affairs.
=561  \\$aTESTINST1
=561  \\$aNTD
=561  \\$aWAU
=583  \\$acommitted to retain$c20140416$dDecember 31, 2035$fTESTPROGRAM$fTESTPROGRAM Gold$uhttp://localhost/services/testprogram/docs/TESTPROGRAMProgramStatement.pdf
=583  \\$acompleteness reviewed$c20140416$fTESTPROGRAM$fTESTPROGRAM Gold$iissue-level
=583  \\$acondition reviewed$c20140416$fTESTPROGRAM$fTESTPROGRAM Gold$iissue-level
=852  0\$aTESTINST1$bHDC$ctestprogram-trust
=866  30$80$a1(1981)-19(2005)

