=LDR  00782nx  a22001931n 4500
=003  TestILS
=004  991011691459703841
=007  ta
=001  221154659690003841
=008  2104260u\\\\0\\\0000ba\\\0\\\\\\
=005  20210520081218.13
=022  \\$a0024-3345
=035  \\$a(OCoLC)1755910
=245  00$aLight metal age.
=583  \\$acommitted to retain$c20210426$d20351231$fTESTPROGRAM$fTESTPROGRAM Gold$uhttp://localhost/services/testprogram/docs/TESTPROGRAMProgramStatement.pdf
=583  \\$acompleteness reviewed$c20210426$fTESTPROGRAM$fTESTPROGRAM Gold$iissue level$lmissing issues$zmissing 1(1943)-7(1949), v.8:1-10(1950 Feb-Oct), v.13:5(1955 May), v.43(1983)-67(2009)
=583  \\$acondition reviewed$c20210426$fTESTPROGRAM$fTESTPROGRAM Gold$iissue level
=561  \\$aTESTINST1
=852  0\$aTESTINST1$bHDC$ctestprogram-trust$hTN1$i.L495
=866  30$80$a8, no.11(1950)-42(1982), 68(2010)-73(2015)

