=LDR  00726nx  a22001931n 4500
=003  TestILS
=004  991011447969703841
=007  ta
=001  221045862070003841
=008  1711150u\\\\0\\\0000ba\\\0\\\\\\
=005  20210520081217.71
=022  \\$a0072-081X
=035  \\$a(OCoLC)1432753
=245  00$aGenetics lectures.
=583  \\$acommitted to retain$c20171115$dDecember 31, 2035$fTESTPROGRAM$fTESTPROGRAM Gold$uhttp://localhost/services/testprogram/docs/TESTPROGRAMProgramStatement.pdf
=583  \\$acompleteness reviewed$c20171115$fTESTPROGRAM$fTESTPROGRAM Gold$iissue level
=583  \\$acondition reviewed$c20171115$fTESTPROGRAM$fTESTPROGRAM Gold$iissue level$lmissing pages$zmissing pages v.3$lloose pages$zv.4 loose pages
=561  \\$aTESTINST1
=852  0\$aTESTINST1$bHDC$ctestprogram-trust$hQH431 .G4335
=866  30$80$a1(1969)-5(1977)

