=LDR  00747    a2200217 n 4500
=001  22877580030003841
=003  TestILS
=004  991022855299703841
=005  20210520081218.14
=007  ta
=008  1306100u\\\\0\\\0001ba\\\0\\\\\\\\\\\\\\
=014  1\$a5242787$bOCoLC
=022  0\$a0317-4964
=035  \\$a(OCoLC)5242787
=035  \\$a(TestILS)c13183734-01asu_inst
=245  14$aThe Elizabethan theatre.
=561  \\$aTESTINST1
=583  \\$acommitted to retain$c20130610$dDecember 31, 2035$fTESTPROGRAM$fTESTPROGRAM Gold$uhttp://localhost/services/testprogram/docs/TESTPROGRAMProgramStatement.pdf
=583  \\$acompleteness reviewed$c20130610$fTESTPROGRAM$fTESTPROGRAM Gold$iissue-level
=583  \\$acondition reviewed$c20130610$fTESTPROGRAM$fTESTPROGRAM Gold$iissue-level
=852  0\$aTESTINST1$bHDC$ctestprogram-trust$hPN2589$i.I5
=866  30$80$ano.1(1968)-15(2002)

