=LDR  00650nx  a22001811n 4500
=003  TestILS
=004  991011766549703841
=007  ta
=001  221157789620003841
=008  2012040u\\\\0\\\0000ba\\\0\\\\\\
=005  20210520081217.56
=022  \\$a0973-2047
=035  \\$a(OCoLC)1775296
=245  00$aInternational review of modern sociology.
=583  \\$acommitted to retain$c20201204$dDecember 31, 2035$fTESTPROGRAM$fTESTPROGRAM Silver$uhttp://localhost/services/testprogram/docs/TESTPROGRAMProgramStatement.pdf
=583  \\$acompleteness reviewed$c20201204$fTESTPROGRAM$fTESTPROGRAM Silver$ivolume level$lmissing volumes$zmissing v.1(1971)-9(1979) & v.14(1984)
=561  \\$aTESTINST1
=852  0\$aTESTINST1$bHDC$ctestprogram-trust$hHM1$i.I525x
=866  30$80$a10(1980)-41(2015)

