=LDR  00750    a2200217 n 4500
=001  22836114260003841
=003  TestILS
=004  991035492299703841
=005  20210520081218.02
=007  ta
=008  1505010u\\\\0\\\0001ba\\\0\\\\\\\\\\\\\\
=014  1\$a12227851$bOCoLC
=022  \\$a0827-1038
=035  \\$a(OCoLC)12227851
=035  \\$a(TestILS)c1358179x-01asu_inst
=245  00$aClinical biofeedback and health.
=561  \\$aTESTINST1
=583  \\$acommitted to retain$c20150501$dDecember 31, 2035$fTESTPROGRAM$fTESTPROGRAM Gold$uhttp://localhost/services/testprogram/docs/TESTPROGRAMProgramStatement.pdf
=583  \\$acompleteness reviewed$c20150501$fTESTPROGRAM$fTESTPROGRAM Gold$iissue-level
=583  \\$acondition reviewed$c20150501$fTESTPROGRAM$fTESTPROGRAM Gold$iissue-level
=852  0\$aTESTINST1$bHDC$ctestprogram-trust$hRC489.B53$iA44
=866  30$80$a8(1985)-10(1987)

