=LDR  00730ny  a22002173n 4500
=001  22916024800003841
=003  TestILS
=004  991011661679703841
=005  20210520081217.61
=007  ta
=008  1505220u\\\\0\\\0001ba\\\0\\\\\\\\\\\\\\
=014  1\$a1716938$bOCoLC
=022  0\$a0020-5249
=035  \\$a(OCoLC)1716938
=035  \\$a(TestILS)c13605239-01asu_inst
=245  04$aThe Intercollegiate review.
=561  \\$aTESTINST1
=561  \\$aUUS
=583  \\$acommitted to retain$c20150522$dDecember 31, 2035$fTESTPROGRAM$fTESTPROGRAM Silver$uhttp://localhost/services/testprogram/docs/TESTPROGRAMProgramStatement.pdf
=583  \\$acompleteness reviewed$c20150522$fTESTPROGRAM$fTESTPROGRAM Silver$ivolume-level$lmissing volumes$zmissing vol. 1 issues 3-6
=852  0\$aTESTINST1$bHDC$ctestprogram-trust
=866  30$80$a1(1965/1966)-40(2005)

