=LDR  00750    a2200217 n 4500
=001  22920017240003841
=003  TestILS
=004  991037150089703841
=005  20210520081217.99
=007  ta
=008  1505220u\\\\0\\\0001ba\\\0\\\\\\\\\\\\\\
=014  1\$a13778506$bOCoLC
=022  \\$a1044-7784
=035  \\$a(OCoLC)13778506
=035  \\$a(TestILS)c13604727-01asu_inst
=245  00$aHow to find business intelligence in Washington /$cby Washington Researchers Publishing.
=561  \\$aTESTINST1
=583  \\$acommitted to retain$c20150522$dDecember 31, 2035$fTESTPROGRAM$fTESTPROGRAM Gold$uhttp://localhost/services/testprogram/docs/TESTPROGRAMProgramStatement.pdf
=583  \\$acompleteness reviewed$c20150522$fTESTPROGRAM$fTESTPROGRAM Gold$iissue-level
=583  \\$acondition reviewed$c20150522$fTESTPROGRAM$fTESTPROGRAM Gold$iissue-level
=852  0\$aTESTINST1$bHDC$ctestprogram-trust$hJK404$i.W37
=866  30$80$ano.8(1986)-13(1997)

