=LDR  00900nx  a22001931n 4500
=003  TestILS
=004  991014053549703841
=007  ta
=001  221153823300003841
=008  2105065u\\\\0\\\0000ba\\\0\\\\\\
=005  20210520081217.63
=022  \\$a0131-2332
=035  \\$a(OCoLC)2264420
=245  00$6880-04$aMoskva.
=583  \\$acommitted to retain$c20210506$d20351231$fTESTPROGRAM$fTESTPROGRAM Gold$uhttp://localhost/services/testprogram/docs/TESTPROGRAMProgramStatement.pdf
=583  \\$acompleteness reviewed$c20210506$fTESTPROGRAM$fTESTPROGRAM Gold$iissue level$lmissing pages$z(1984:6) missing pages$lmissing issues$zmissing (1957)-(1959), (1960:3,5-6) (1961), (1962:1-2,4-6), (1963), (1973:3), (1977:4), (1978:1), (1984:5), (1988:3,5), (1990:8), (1995:5-8), (1998:5,8), (2001:6-12), (2008:1-2)
=583  \\$acondition reviewed$c20210506$fTESTPROGRAM$fTESTPROGRAM Gold$iissue level
=561  \\$aTESTINST1
=852  0\$aTESTINST1$bHDC$ctestprogram-trust$hAP50$i.M667
=866  30$80$a(1960), (1962), (1964)-(2015)

