=LDR  00698nx  a22001931n 4500
=003  TestILS
=004  991011875949703841
=007  ta
=001  221153825700003841
=008  2103285u\\\\0\\\0000ba\\\0\\\\\\
=005  20210520081217.65
=022  \\$a0048-7139
=035  \\$a(OCoLC)2131585
=245  00$aRehabilitation digest.
=583  \\$acommitted to retain$c20210328$d20351231$fTESTPROGRAM$fTESTPROGRAM Gold$uhttp://localhost/services/testprogram/docs/TESTPROGRAMProgramStatement.pdf
=583  \\$acompleteness reviewed$c20210328$fTESTPROGRAM$fTESTPROGRAM Gold$iissue level$lmissing issues$zmissing 1(1969)-17(1986)
=583  \\$acondition reviewed$c20210328$fTESTPROGRAM$fTESTPROGRAM Gold$iissue level
=561  \\$aTESTINST1
=852  0\$aTESTINST1$bHDC$ctestprogram-trust$hHV3011$i.R44x
=866  30$80$a18(1987)-28(1998)

