=LDR  00686ny  a22002053n 4500
=001  22863428340003841
=003  TestILS
=004  991018829279703841
=005  20210520081217.65
=007  ta
=008  1705080u\\\\0\\\0001ba\\\0\\\\\\\\\\\\\\
=014  1\$a3677994$bOCoLC
=022  0\$a0160-4074
=035  \\$a(OCoLC)3677994
=035  \\$a(TestILS)c14148158-01asu_inst
=245  00$aIndustrial research/development.
=561  \\$aTESTINST1
=583  \\$acommitted to retain$c20170508$dDecember 31, 2035$fTESTPROGRAM$fTESTPROGRAM Silver$uhttp://localhost/services/testprogram/docs/TESTPROGRAMProgramStatement.pdf
=583  \\$acompleteness reviewed$c20170508$fTESTPROGRAM$fTESTPROGRAM Silver$ivolume-level
=852  0\$aTESTINST1$bHDC$ctestprogram-trust$hT175$i.I49x
=866  30$80$a20,no.3(1978)-22, no.2(1980)

