=LDR  00730nx  a22001931n 4500
=003  TestILS
=004  991022849199703841
=007  ta
=001  221042895930003841
=008  1709140u\\\\0\\\0001ba\\\0\\\\\\
=005  20210520081218.13
=022  \\$a0325-5476
=035  \\$a(OCoLC)5164036
=245  00$aFIDE, coyuntura y desarrollo.
=583  \\$acommitted to retain$c20170914$dDecember 31, 2035$fTESTPROGRAM$fTESTPROGRAM Gold$uhttp://localhost/services/testprogram/docs/TESTPROGRAMProgramStatement.pdf
=583  \\$acompleteness reviewed$c20170914$fTESTPROGRAM$fTESTPROGRAM Gold$iissue-level$lmissing volumes$zmissing no.1-64, no.154
=583  \\$acondition reviewed$c20170914$fTESTPROGRAM$fTESTPROGRAM Gold$iissue-level
=561  \\$aTESTINST1
=852  0\$aTESTINST1$bHDC$ctestprogram-trust$hHC171$i.F53
=866  30$80$ano.65(1984)-153(1991), 155(1991)-307(2006)

