=LDR  00653nx  a22001931n 4500
=003  TestILS
=004  991008755399703841
=007  ta
=001  221169239130003841
=008  2104270u\\\\0\\\0000ba\\\0\\\\\\
=005  20210520081217.53
=022  \\$a1559-2820
=035  \\$a(OCoLC)1163383
=245  10$aBlack review.
=583  \\$acommitted to retain$c20210427$d20351231$fTESTPROGRAM$fTESTPROGRAM Gold$uhttp://localhost/services/testprogram/docs/TESTPROGRAMProgramStatement.pdf
=583  \\$acompleteness reviewed$c20210427$fTESTPROGRAM$fTESTPROGRAM Gold$iissue level
=583  \\$acondition reviewed$c20210427$fTESTPROGRAM$fTESTPROGRAM Gold$iissue level
=561  \\$aTESTINST1
=852  0\$aTESTINST1$bHDC$ctestprogram-trust$hE185.5$i.B57
=866  30$80$a1(1971)-2(1972)

