=LDR  00790    a2200217 n 4500
=001  22919413120003841
=003  TestILS
=004  991022348639703841
=005  20210520081217.37
=007  ta
=008  1605010u\\\\0\\\0001ba\\\0\\\\\\\\\\\\\\
=014  1\$a28172026$bOCoLC
=022  \\$a0869-6322
=035  \\$a(OCoLC)28172026
=035  \\$a(TestILS)c1379291x-01asu_inst
=245  10$6880-03$aIstoricheskiĭ arkhiv /$cKomitet po delam arkhivov pri Pravitelʹstve Rossii.
=561  \\$aTESTINST1
=583  \\$acommitted to retain$c20160501$dDecember 31, 2035$fTESTPROGRAM$fTESTPROGRAM Gold$uhttp://localhost/services/testprogram/docs/TESTPROGRAMProgramStatement.pdf
=583  \\$acompleteness reviewed$c20160501$fTESTPROGRAM$fTESTPROGRAM Gold$iissue-level$lmissing issues$zmissing 1996 no.1; 2001 no.3-6
=583  \\$acondition reviewed$c20160501$fTESTPROGRAM$fTESTPROGRAM Gold$iissue-level
=852  0\$aTESTINST1$bHDC$ctestprogram-trust$hDK1$i.I813
=866  30$80$a(1996)-(2005)

