=LDR  00705nx  a22001811n 4500
=003  TestILS
=004  991005904919703841
=007  ta
=001  221157079580003841
=008  2011180u\\\\0\\\0000ba\\\0\\\\\\
=005  20210520081218.16
=022  \\$a0025-1925
=035  \\$a(OCoLC)820307
=245  00$aManagement today.
=583  \\$acommitted to retain$c20201118$dDecember 31, 2035$fTESTPROGRAM$fTESTPROGRAM Silver$uhttp://localhost/services/testprogram/docs/TESTPROGRAMProgramStatement.pdf
=583  \\$acompleteness reviewed$c20201118$fTESTPROGRAM$fTESTPROGRAM Silver$ivolume level$lmissing volumes$zmissing (1971), (1974)-(1978), (1991), (2009)-(2015)
=561  \\$aTESTINST1
=852  0\$aTESTINST1$bHDC$ctestprogram-trust$hHD70.G7$iM32
=866  30$80$a(1966)-(1970), (1972)-(1973), (1979)-(1990), (1992)-(2008)

