=LDR  00685nx  a22001931n 4500
=003  TestILS
=004  991028891979703841
=007  ta
=001  221165006690003841
=008  2104260u\\\\0\\\0000ba\\\0\\\\\\
=005  20210520081218.19
=022  \\$a0741-5583
=035  \\$a(OCoLC)8121043
=245  00$aSynthetic rubber.
=583  \\$acommitted to retain$c20210426$d20351231$fTESTPROGRAM$fTESTPROGRAM Gold$uhttp://localhost/services/testprogram/docs/TESTPROGRAMProgramStatement.pdf
=583  \\$acompleteness reviewed$c20210426$fTESTPROGRAM$fTESTPROGRAM Gold$iissue level$lmissing issues$zmissing (1981)-(1982)
=583  \\$acondition reviewed$c20210426$fTESTPROGRAM$fTESTPROGRAM Gold$iissue level
=561  \\$aTESTINST1
=852  0\$aTESTINST1$bHDC$ctestprogram-trust$hTS1925$i.S945x
=866  30$80$a(1983)

