=LDR  00632nx  a22001691n 4500
=003  TestILS
=004  991045824499703841
=007  ta
=001  221106643810003841
=008  1905150u\\\\0\\\0000ba\\\0\\\\\\
=005  20210520081217.73
=035  \\$a(OCoLC)46802887
=245  00$aOECD economic surveys.$pLuxembourg.
=583  \\$acommitted to retain$c20190515$dDecember 31, 2035$fTESTPROGRAM$fTESTPROGRAM Silver$uhttp://localhost/services/testprogram/docs/TESTPROGRAMProgramStatement.pdf
=583  \\$acompleteness reviewed$c20190515$fTESTPROGRAM$fTESTPROGRAM Silver$ivolume level$lmissing volumes$zmissing (2010), (2012), (2015)
=561  \\$aTESTINST1
=852  0\$aTESTINST1$bHDC$ctestprogram-trust$hHC330.A1$iO33
=866  30$80$a(2001), (2003), (2006), (2008)

