=LDR  00670ny  a22001933n 4500
=001  22948574780003841
=003  TestILS
=004  991025117949703841
=005  20210520081217.41
=007  ta
=008  1705080u\\\\0\\\0001ba\\\0\\\\\\\\\\\\\\
=014  1\$a6665653$bOCoLC
=035  \\$a(OCoLC)6665653
=035  \\$a(TestILS)c14146903-01asu_inst
=245  00$aPersonnel management & methods.
=561  \\$aTESTINST1
=583  \\$acommitted to retain$c20170508$dDecember 31, 2035$fTESTPROGRAM$fTESTPROGRAM Silver$uhttp://localhost/services/testprogram/docs/TESTPROGRAMProgramStatement.pdf
=583  \\$acompleteness reviewed$c20170508$fTESTPROGRAM$fTESTPROGRAM Silver$ivolume-level$lmissing volumes$zmissing v.23-25
=852  0\$aTESTINST1$bHDC$ctestprogram-trust
=866  30$80$a26(1960)-31(1965)

