=LDR  00714nx  a22001931n 4500
=003  TestILS
=004  991022344649703841
=007  ta
=001  221147858990003841
=008  2006305u\\\\0\\\0000ba\\\0\\\\\\
=005  20210520081217.37
=022  \\$a0929-6727
=035  \\$a(OCoLC)27107329
=245  00$aEuropean newsletter of Southeast Asian studies.
=583  \\$acommitted to retain$c20200630$dDecember 31, 2035$fTESTPROGRAM$fTESTPROGRAM Gold$uhttp://localhost/services/testprogram/docs/TESTPROGRAMProgramStatement.pdf
=583  \\$acompleteness reviewed$c20200630$fTESTPROGRAM$fTESTPROGRAM Gold$iissues missing$zmissing v.1(1988)-5(1993), v.6:1(1994)
=583  \\$acondition reviewed$c20200630$fTESTPROGRAM$fTESTPROGRAM Gold$iissue level
=561  \\$aTESTINST1
=852  0\$aTESTINST1$bHDC$ctestprogram-trust$hDS520$i.E87x
=866  30$80$a6(1994)-17, no. 1(2004)

