=LDR  00902    a2200217 n 4500
=001  22826424820003841
=003  TestILS
=004  991020439879703841
=005  20210520081217.83
=007  ta
=008  1605010u\\\\0\\\0001ba\\\0\\\\\\\\\\\\\\
=014  1\$a4026879$bOCoLC
=022  0\$a0376-4079$l0376-4079$z0049-2930
=035  \\$a(OCoLC)4026879
=035  \\$a(TestILS)c13792076-01asu_inst
=245  00$aTamkang journal of mathematics.
=561  \\$aTESTINST1
=583  \\$acommitted to retain$c20160501$dDecember 31, 2035$fTESTPROGRAM$fTESTPROGRAM Gold$uhttp://localhost/services/testprogram/docs/TESTPROGRAMProgramStatement.pdf
=583  \\$acompleteness reviewed$c20160501$fTESTPROGRAM$fTESTPROGRAM Gold$iissue-level$lmissing volumes$zmissing v.19, 21-27, 29-31$lmissing issues$zmissing v.18:4, v.28:1,3-4; v.32:3-4
=583  \\$acondition reviewed$c20160501$fTESTPROGRAM$fTESTPROGRAM Gold$iissue-level
=852  0\$aTESTINST1$bHDC$ctestprogram-trust$hQA1$i.T29
=866  30$80$a1(1970)-18(1987), 20(1989), 28(1997), 32(2001)-36(2005)

