=LDR  00553ny  a22001693n 4500
=003  TestILS
=004  991011656639703841
=005  20210520081217.61
=001  221098771860003841
=007  ta
=008  1901110u\\\\0\\\0001aa\\\0\\\\\\\\\\\\\8
=022  \\$a2047-2331
=035  \\$a(OCoLC)1715373
=245  10$aTransactions - The Jewish Historical Society of England.
=561  \\$aTESTINST1
=583  \\$acommitted to retain$c20190116$dDecember 31, 2035$fTESTPROGRAM$fTESTPROGRAM Bronze$uhttp://localhost/services/testprogram/docs/TESTPROGRAMProgramStatement.pdf
=852  0\$aTESTINST1$bHDC$ctestprogram-trust$hDS135 .E5$iA233x
=866  30$80$a1(1893/1894)-10(1921/1923), 14(1940)-26(1979)

