=LDR  00874nx  a22001931n 4500
=003  TestILS
=004  991016543509703841
=007  ta
=001  221147859190003841
=008  2006305u\\\\0\\\0000ba\\\0\\\\\\
=005  20210520081218.18
=022  \\$a0700-1584
=035  \\$a(OCoLC)3282347
=245  00$aTESL talk.
=583  \\$acommitted to retain$c20200630$dDecember 31, 2035$fTESTPROGRAM$fTESTPROGRAM Gold$uhttp://localhost/services/testprogram/docs/TESTPROGRAMProgramStatement.pdf
=583  \\$acompleteness reviewed$c20200630$fTESTPROGRAM$fTESTPROGRAM Gold$iissue level$lmissing issues$zmissing v.1(1970)-9(1978), v.10:1-3(1979), v.11:1,3-4(1980), v.12(1981), v.13:2,4(1982), v.14:1-2(1983), v.15:3(1985?), v.16(1985), v.17:2-4(1987), v.18(1989)+
=583  \\$acondition reviewed$c20200630$fTESTPROGRAM$fTESTPROGRAM Gold$iissue level
=561  \\$aTESTINST1
=852  0\$aTESTINST1$bHDC$ctestprogram-trust$hPE1128.A1$iT394x
=866  30$80$a10(1979)-11(1980), 13(1982)-15(1984), 17(1987)

