=LDR  00703ny  a22002053n 4500
=001  22903512620003841
=003  TestILS
=004  991022883289703841
=005  20210520081217.76
=007  ta
=008  1605200u\\\\0\\\0001ba\\\0\\\\\\\\\\\\\\
=014  1\$a5619468$bOCoLC
=022  0\$a0277-6014
=035  \\$a(OCoLC)5619468
=035  \\$a(TestILS)c13832396-01asu_inst
=245  10$aColorado state review.
=561  \\$aTESTINST1
=583  \\$acommitted to retain$c20160520$dDecember 31, 2035$fTESTPROGRAM$fTESTPROGRAM Silver$uhttp://localhost/services/testprogram/docs/TESTPROGRAMProgramStatement.pdf
=583  \\$acompleteness reviewed$c20160520$fTESTPROGRAM$fTESTPROGRAM Silver$ivolume-level$lmissing volumes$zmissing v.8:2
=852  0\$aTESTINST1$bHDC$ctestprogram-trust
=866  30$80$an.s.5(1977)-12, no.1(1984)

