=LDR  00785    a2200217 n 4500
=001  22879905870003841
=003  TestILS
=004  991003884219703841
=005  20210520081218.09
=007  ta
=008  1605200u\\\\0\\\0001ba\\\0\\\\\\\\\\\\\\
=014  1\$a22100258$bOCoLC
=022  \\$a0186-050X
=035  \\$a(OCoLC)22100258
=035  \\$a(TestILS)c13831951-01asu_inst
=245  03$aEl sector eléctrico en México.
=561  \\$aTESTINST1
=583  \\$acommitted to retain$c20160520$dDecember 31, 2035$fTESTPROGRAM$fTESTPROGRAM Gold$uhttp://localhost/services/testprogram/docs/TESTPROGRAMProgramStatement.pdf
=583  \\$acompleteness reviewed$c20160520$fTESTPROGRAM$fTESTPROGRAM Gold$iissue-level$lmissing volumes$zmissing 1985-1986, 1988-1993
=583  \\$acondition reviewed$c20160520$fTESTPROGRAM$fTESTPROGRAM Gold$iissue-level
=852  0\$aTESTINST1$bHDC$ctestprogram-trust
=866  30$80$a(1981)-(1984), (1987)

