=LDR  00808    a2200229 n 4500
=001  22828332930003841
=003  TestILS
=004  991030573209703841
=005  20210520081217.47
=007  ta
=008  1505270u\\\\0\\\0001ba\\\0\\\\\\\\\\\\\\
=014  1\$a9147041$bOCoLC
=022  0\$a0745-4309
=030  \\$aELETDX
=035  \\$a(OCoLC)9147041
=035  \\$a(TestILS)c13605847-01asu_inst
=245  00$aElectri-onics.
=561  \\$aTESTINST1
=583  \\$acommitted to retain$c20150527$dDecember 31, 2035$fTESTPROGRAM$fTESTPROGRAM Gold$uhttp://localhost/services/testprogram/docs/TESTPROGRAMProgramStatement.pdf
=583  \\$acompleteness reviewed$c20150527$fTESTPROGRAM$fTESTPROGRAM Gold$iissue-level$lmissing issues$zmissing vol. 32 issue 13
=583  \\$acondition reviewed$c20150527$fTESTPROGRAM$fTESTPROGRAM Gold$iissue-level
=852  0\$aTESTINST1$bHDC$ctestprogram-trust$hTK1$i.I46
=866  30$80$a29(1983)-32(1986)

