=LDR  00671ny  a22002053n 4500
=001  22936493390003841
=003  TestILS
=004  991001605569703841
=005  20210520081217.78
=007  ta
=008  1705080u\\\\0\\\0001ba\\\0\\\\\\\\\\\\\\
=014  1\$a35987489$bOCoLC
=022  \\$a1092-1656
=035  \\$a(OCoLC)35987489
=035  \\$a(TestILS)c14147853-01asu_inst
=245  00$aAmerican health for women.
=561  \\$aTESTINST1
=583  \\$acommitted to retain$c20170508$dDecember 31, 2035$fTESTPROGRAM$fTESTPROGRAM Silver$uhttp://localhost/services/testprogram/docs/TESTPROGRAMProgramStatement.pdf
=583  \\$acompleteness reviewed$c20170508$fTESTPROGRAM$fTESTPROGRAM Silver$ivolume-level
=852  0\$aTESTINST1$bHDC$ctestprogram-trust
=866  30$80$a15, no.10(1996)-17(1998)

