=LDR  00799    a2200241 n 4500
=001  22864126460003841
=003  TestILS
=004  991020292069703841
=005  20210520081217.83
=007  ta
=008  1505190u\\\\0\\\0001ba\\\0\\\\\\\\\\\\\\
=014  1\$a3967140$bOCoLC
=022  \\$a0278-7288
=035  \\$a(OCoLC)3967140
=035  \\$a(TestILS)c13604168-01asu_inst
=245  00$aLiteratura chilena en el exilio.
=561  \\$aTESTINST1
=561  \\$aCUZ
=583  \\$acommitted to retain$c20150519$dDecember 31, 2035$fTESTPROGRAM$fTESTPROGRAM Gold$uhttp://localhost/services/testprogram/docs/TESTPROGRAMProgramStatement.pdf
=583  \\$acompleteness reviewed$c20150519$fTESTPROGRAM$fTESTPROGRAM Gold$iissue-level
=583  \\$acondition reviewed$c20150519$fTESTPROGRAM$fTESTPROGRAM Gold$iissue-level
=852  0\$aTESTINST1$bHDC$ctestprogram-trust$hPQ7900$i.L58
=866  30$80$a1(1977)-4(1980)
=868  30$80$a1(1977)-4(1980)

