=LDR  00958    a2200265 n 4500
=001  22958828790003841
=003  TestILS
=004  991011498159703841
=005  20210520081217.45
=007  ta
=008  1405080u\\\\0\\\0001ba\\\0\\\\\\\\\\\\\\
=014  1\$a1519041$bOCoLC
=022  0\$a0005-4232
=035  \\$a(OCoLC)1519041
=035  \\$a(TestILS)c13402730-01asu_inst
=245  14$aThe balance sheet.
=561  \\$aTESTINST1
=561  \\$aNTD
=561  \\$aKKS
=561  \\$aORE
=583  \\$acommitted to retain$c20140508$dDecember 31, 2035$fTESTPROGRAM$fTESTPROGRAM Gold$uhttp://localhost/services/testprogram/docs/TESTPROGRAMProgramStatement.pdf
=583  \\$acompleteness reviewed$c20140508$fTESTPROGRAM$fTESTPROGRAM Gold$iissue-level$lmissing issues$zmissing vol. 7 issue 2,5-7,9; vol. 8 issue 1-4,8; vol. 9 issue 1-3,5,7; vol. 10 issue 2,8; vol. 11 issue 10
=583  \\$acondition reviewed$c20140508$fTESTPROGRAM$fTESTPROGRAM Gold$iissue-level
=852  0\$aTESTINST1$bHDC$ctestprogram-trust$hHF1101$i.B3x
=866  30$80$a1(1919)-74(1993)
=867  30$80$a10(1929)

