=LDR  00654nx  a22001811n 4500
=003  TestILS
=004  991009252899703841
=007  ta
=001  221109137960003841
=008  1905210u\\\\0\\\0000ba\\\0\\\\\\
=005  20210520081217.96
=022  \\$a1026-5120
=035  \\$a(OCoLC)37941485
=245  00$6880-01$aXian dai Zhong wen wen xue xue bao =$bJournal of modern literature in Chinese.
=583  \\$acommitted to retain$c20190521$dDecember 31, 2035$fTESTPROGRAM$fTESTPROGRAM Silver$uhttp://localhost/services/testprogram/docs/TESTPROGRAMProgramStatement.pdf
=583  \\$acompleteness reviewed$c20190521$fTESTPROGRAM$fTESTPROGRAM Silver$ivolume level$lmissing volumes$zmissing v.2(1998/1999)
=561  \\$aTESTINST1
=852  0\$aTESTINST1$bHDC$ctestprogram-trust$hPL2303$i.H72
=866  30$80$a1(1997/1998), 3(1999/2000)-12(2015)

