=LDR  00639nx  a22001811n 4500
=003  TestILS
=004  991025092899703841
=007  ta
=001  221106368800003841
=008  1905090u\\\\0\\\0000ba\\\0\\\\\\
=005  20210520081217.41
=022  \\$a0007-2028
=035  \\$a(OCoLC)6371351
=245  00$aBroadcasting, telecasting.
=583  \\$acommitted to retain$c20190509$dDecember 31, 2035$fTESTPROGRAM$fTESTPROGRAM Silver$uhttp://localhost/services/testprogram/docs/TESTPROGRAMProgramStatement.pdf
=583  \\$acompleteness reviewed$c20190509$fTESTPROGRAM$fTESTPROGRAM Silver$ivolume level$lmissing volumes$zmissing v.39 JUL-SEP 1950;
=561  \\$aTESTINST1
=852  0\$aTESTINST1$bHDC$ctestprogram-trust$hTK6540$i.B85
=866  30$80$a29(1945)-53(1957)

