=LDR  00663ny  a22002053n 4500
=001  22901317210003841
=003  TestILS
=004  991001374279703841
=005  20210520081217.78
=007  ta
=008  1307240u\\\\0\\\0001ba\\\0\\\\\\\\\\\\\\
=014  1\$a37175176$bOCoLC
=022  0\$a1096-3367
=035  \\$a(OCoLC)37175176
=035  \\$a(TestILS)c1322959x-01asu_inst
=245  00$aJournal of public budgeting, accounting & financial management.
=561  \\$aTESTINST1
=583  \\$acommitted to retain$c20130724$dDecember 31, 2035$fTESTPROGRAM$fTESTPROGRAM Silver$uhttp://localhost/services/testprogram/docs/TESTPROGRAMProgramStatement.pdf
=583  \\$acompleteness reviewed$c20130724$fTESTPROGRAM$fTESTPROGRAM Silver$ivolume-level
=852  0\$aTESTINST1$bHDC$ctestprogram-trust
=866  30$80$a9(1997)-17(2005)

