=LDR  00716    a2200205 n 4500
=001  22852163820003841
=003  TestILS
=004  991020273389703841
=005  20210520081217.83
=007  ta
=008  1505220u\\\\0\\\0001ba\\\0\\\\\\\\\\\\\\
=014  1\$a3962160$bOCoLC
=035  \\$a(OCoLC)3962160
=035  \\$a(TestILS)c13604806-01asu_inst
=245  10$aProceedings of the Beltwide Cotton Production-Mechanization Conference.
=561  \\$aTESTINST1
=583  \\$acommitted to retain$c20150522$dDecember 31, 2035$fTESTPROGRAM$fTESTPROGRAM Gold$uhttp://localhost/services/testprogram/docs/TESTPROGRAMProgramStatement.pdf
=583  \\$acompleteness reviewed$c20150522$fTESTPROGRAM$fTESTPROGRAM Gold$iissue-level
=583  \\$acondition reviewed$c20150522$fTESTPROGRAM$fTESTPROGRAM Gold$iissue-level
=852  0\$aTESTINST1$bHDC$ctestprogram-trust$hSB245$i.B39x
=866  30$80$a(1976)-(1984)

