=LDR  00696nx  a22001931n 4500
=003  TestILS
=004  991014203659703841
=007  ta
=001  221147859300003841
=008  2006305u\\\\0\\\0000ba\\\0\\\\\\
=005  20210520081218.15
=022  \\$a0363-9282
=035  \\$a(OCoLC)2594903
=245  10$aNAGWS guide.$pGymnastics.
=583  \\$acommitted to retain$c20200630$dDecember 31, 2035$fTESTPROGRAM$fTESTPROGRAM Gold$uhttp://localhost/services/testprogram/docs/TESTPROGRAMProgramStatement.pdf
=583  \\$acompleteness reviewed$c20200630$fTESTPROGRAM$fTESTPROGRAM Gold$iissue level$lmissing issues$zmissing 1990+
=583  \\$acondition reviewed$c20200630$fTESTPROGRAM$fTESTPROGRAM Gold$iissue level
=561  \\$aTESTINST1
=852  0\$aTESTINST1$bHDC$ctestprogram-trust$hGV464$i.G93
=866  30$80$a(1975/77)-(1985/89)

