=LDR  00595nx  a22001811n 4500
=003  TestILS
=004  991004869149703841
=007  ta
=001  221106265920003841
=008  1905090u\\\\0\\\0000ba\\\0\\\\\\
=005  20210520081218.16
=022  \\$a1058-9236
=035  \\$a(OCoLC)24433867
=245  00$aMultiCultural review :$bdedicated to a better understanding of ethnic, racial, and religious diversity.
=583  \\$acommitted to retain$c20190509$dDecember 31, 2035$fTESTPROGRAM$fTESTPROGRAM Silver$uhttp://localhost/services/testprogram/docs/TESTPROGRAMProgramStatement.pdf
=583  \\$acompleteness reviewed$c20190509$fTESTPROGRAM$fTESTPROGRAM Silver$ivolume level
=561  \\$aTESTINST1
=852  0\$aTESTINST1$bHDC$ctestprogram-trust$hE184.A1$iM84x
=866  30$80$a1(1992)-19(2010)

