=LDR  00759    a2200217 n 4500
=001  22825837390003841
=003  TestILS
=004  991011814919703841
=005  20210520081217.74
=007  ta
=008  1401060u\\\\0\\\0001ba\\\0\\\\\\\\\\\\\\
=014  1\$a1791367$bOCoLC
=022  \\$a0092-7929
=035  \\$a(OCoLC)1791367
=035  \\$a(TestILS)c13303934-01asu_inst
=245  03$aAn Annual of new art and artists.
=561  \\$aTESTINST1
=583  \\$acommitted to retain$c20140106$dDecember 31, 2035$fTESTPROGRAM$fTESTPROGRAM Gold$uhttp://localhost/services/testprogram/docs/TESTPROGRAMProgramStatement.pdf
=583  \\$acompleteness reviewed$c20140106$fTESTPROGRAM$fTESTPROGRAM Gold$iissue-level$lmissing issues$zmissing 1974/75
=583  \\$acondition reviewed$c20140106$fTESTPROGRAM$fTESTPROGRAM Gold$iissue-level
=852  0\$aTESTINST1$bHDC$ctestprogram-trust
=866  30$80$a(1973/1974)

