=LDR  00602ny  a22002053n 4500
=001  22886621420003841
=003  TestILS
=004  991011910229703841
=005  20210520081217.89
=007  ta
=008  1205030u\\\\0\\\0001ba\\\0\\\\\\\\\\\\\\
=014  1\$a2246514$bOCoLC
=022  \\$a0098-1389
=030  \\$aSWHCD
=035  \\$a(OCoLC)2246514
=035  \\$a(TestILS)c12690090-01asu_inst
=245  00$aSocial work in health care.
=561  \\$aTESTINST1
=583  \\$acommitted to retain$c20120503$dDecember 31, 2035$fTESTPROGRAM$fTESTPROGRAM Bronze$uhttp://localhost/services/testprogram/docs/TESTPROGRAMProgramStatement.pdf
=852  0\$aTESTINST1$bHDC$ctestprogram-trust
=866  30$80$a1(1975)-42(2005)

