=LDR  00774    a2200217 n 4500
=001  22825799300003841
=003  TestILS
=004  991011814579703841
=005  20210520081217.74
=007  ta
=008  1705010u\\\\0\\\0001ba\\\0\\\\\\\\\\\\\\
=014  1\$a1791153$bOCoLC
=022  \\$a0256-5250
=035  \\$a(OCoLC)1791153
=035  \\$a(TestILS)c14123137-01asu_inst
=245  00$aZeitgeschichte.
=561  \\$aTESTINST1
=583  \\$acommitted to retain$c20170501$dDecember 31, 2035$fTESTPROGRAM$fTESTPROGRAM Gold$uhttp://localhost/services/testprogram/docs/TESTPROGRAMProgramStatement.pdf
=583  \\$acompleteness reviewed$c20170501$fTESTPROGRAM$fTESTPROGRAM Gold$iissue-level$lmissing issues$zmissing v.4:3; v.7:8
=583  \\$acondition reviewed$c20170501$fTESTPROGRAM$fTESTPROGRAM Gold$iissue-level
=852  0\$aTESTINST1$bHDC$ctestprogram-trust
=866  30$80$a1(1973/1974)-32(2005)

