=LDR  00559nx  a22001691n 4500
=003  TestILS
=004  991008295789703841
=007  ta
=001  221065898220003841
=008  1805040u\\\\0\\\0000ba\\\0\\\\\\
=005  20210520081217.50
=035  \\$a(OCoLC)54751464
=245  10$aState news.
=583  \\$acommitted to retain$c20180504$dDecember 31, 2035$fTESTPROGRAM$fTESTPROGRAM Silver$uhttp://localhost/services/testprogram/docs/TESTPROGRAMProgramStatement.pdf
=583  \\$acompleteness reviewed$c20180504$fTESTPROGRAM$fTESTPROGRAM Silver$ivolume level
=561  \\$aTESTINST1
=852  0\$aTESTINST1$bHDC$ctestprogram-trust$hJK2403 .S75
=866  30$80$a48(2005)

