=LDR  00728ny  a22002293n 4500
=001  22886399530003841
=003  TestILS
=004  991011574939703841
=005  20210520081218.06
=007  ta
=008  1305290u\\\\0\\\0001ba\\\0\\\\\\\\\\\\\\
=014  1\$a1588544$bOCoLC
=022  \\$a0022-3387
=035  \\$a(OCoLC)1588544
=035  \\$a(TestILS)c13181336-01asu_inst
=245  04$aThe Journal of parapsychology.
=561  \\$aTESTINST1
=561  \\$aHTM
=561  \\$aIYU
=583  \\$acommitted to retain$c20130529$dDecember 31, 2035$fTESTPROGRAM$fTESTPROGRAM Silver$uhttp://localhost/services/testprogram/docs/TESTPROGRAMProgramStatement.pdf
=583  \\$acompleteness reviewed$c20130529$fTESTPROGRAM$fTESTPROGRAM Silver$ivolume-level$lReprints$zv.4-12 Reprints
=852  0\$aTESTINST1$bHDC$ctestprogram-trust
=866  30$80$a1(1937)-69(2005)

