=LDR  00682nx  a22001811n 4500
=003  TestILS
=004  991016514669703841
=007  ta
=001  221111808730003841
=008  1906110u\\\\0\\\0000ba\\\0\\\\\\
=005  20210520081218.10
=022  \\$a0146-3640
=035  \\$a(OCoLC)2901195
=245  00$aOlder American reports.
=583  \\$acommitted to retain$c20190611$dDecember 31, 2035$fTESTPROGRAM$fTESTPROGRAM Silver$uhttp://localhost/services/testprogram/docs/TESTPROGRAMProgramStatement.pdf
=583  \\$acompleteness reviewed$c20190611$fTESTPROGRAM$fTESTPROGRAM Silver$ivolume level$lmissing volumes$zmissing v.1(1976)-5(1981), 6:52(1982), 7:52(1983),13(1989)-40(2015)
=561  \\$aTESTINST1
=852  0\$aTESTINST1$bHDC$ctestprogram-trust$hHQ1064.U5$iO42x
=866  30$80$a6(1982)-12(1988)

