=LDR  00665nx  a22001931n 4500
=003  TestILS
=004  991037159719703841
=007  ta
=001  221066548010003841
=008  1805140u\\\\0\\\0000ba\\\0\\\\\\
=005  20210520081218.00
=022  \\$a0890-9849
=035  \\$a(OCoLC)14336999
=245  00$aForecast for the home economist.
=583  \\$acommitted to retain$c20180514$dDecember 31, 2035$fTESTPROGRAM$fTESTPROGRAM Silver$uhttp://localhost/services/testprogram/docs/TESTPROGRAMProgramStatement.pdf
=583  \\$acompleteness reviewed$c20180514$fTESTPROGRAM$fTESTPROGRAM Silver$ivolume level$lmissing volumes$zmissing v.32:2; v.35:1-4; v.36:1,5-9
=561  \\$aTESTINST1
=561  \\$aUUS
=852  0\$aTESTINST1$bHDC$ctestprogram-trust$hTX1 .P7
=866  30$80$a32(1986)-36(1990)

