=LDR  00697ny  a22002053n 4500
=001  22895362310003841
=003  TestILS
=004  991023425519703841
=005  20210520081217.77
=007  ta
=008  1410280u\\\\0\\\0001ba\\\0\\\\\\\\\\\\\\
=014  1\$a1935586$bOCoLC
=022  \\$a0096-2333$l0096-2333
=035  \\$a(OCoLC)1935586
=035  \\$a(TestILS)c13550871-01asu_inst
=245  04$aThe Rubber age and tire news.
=561  \\$aOKU
=583  \\$acommitted to retain$c20141028$dDecember 31, 2035$fTESTPROGRAM$fTESTPROGRAM Silver$uhttp://localhost/services/testprogram/docs/TESTPROGRAMProgramStatement.pdf
=583  \\$acompleteness reviewed$c20141028$fTESTPROGRAM$fTESTPROGRAM Silver$ivolume-level
=852  0\$aTESTINST1$bHDC$ctestprogram-trust$hTS1870$i.R6
=866  30$80$a1, no.11(1917)-8, no.2(1920)

