=LDR  00709nx  a22001931n 4500
=003  TestILS
=004  991011870499703841
=007  ta
=001  221044081950003841
=008  1709140u\\\\0\\\0001ba\\\0\\\\\\
=005  20210520081217.65
=022  \\$a0082-660X
=035  \\$a(OCoLC)2096204
=245  10$aTrivium.
=583  \\$acommitted to retain$c20170914$dDecember 31, 2035$fTESTPROGRAM$fTESTPROGRAM Gold$uhttp://localhost/services/testprogram/docs/TESTPROGRAMProgramStatement.pdf
=583  \\$acompleteness reviewed$c20170914$fTESTPROGRAM$fTESTPROGRAM Gold$iissue-level
=583  \\$acondition reviewed$c20170914$fTESTPROGRAM$fTESTPROGRAM Gold$iissue-level$lmissing covers$zmissing covers v.10-12, 14-16
=561  \\$aTESTINST1
=852  0\$aTESTINST1$bHDC$ctestprogram-trust$hAS121 .T84x
=866  30$80$a1(1966)-31(1999)

