=LDR  00763nx  a22001931n 4500
=003  TestILS
=004  991011745329703841
=007  ta
=001  221154736580003841
=008  2104265u\\\\0\\\0000ba\\\0\\\\\\
=005  20210520081217.48
=022  \\$a0049-4496
=035  \\$a(OCoLC)1767708
=245  00$aTransportation and distribution management.
=583  \\$acommitted to retain$c20210426$d20351231$fTESTPROGRAM$fTESTPROGRAM Gold$uhttp://localhost/services/testprogram/docs/TESTPROGRAMProgramStatement.pdf
=583  \\$acompleteness reviewed$c20210426$fTESTPROGRAM$fTESTPROGRAM Gold$iissue level$lissues missing$zmissing v.1(1961), v.7:1,8(1967), v.8:6(1968), v.16:4(1976)$ltight binding$zv.3(1963)-4(1964)
=583  \\$acondition reviewed$c20210426$fTESTPROGRAM$fTESTPROGRAM Gold$iissue level
=561  \\$aTESTINST1
=852  0\$aTESTINST1$bHDC$ctestprogram-trust$hHE1$i.T855
=866  30$80$a2(1962)-16(1976)

