=LDR  00681ny  a22002173n 4500
=001  22951401120003841
=003  TestILS
=004  991011432609703841
=005  20210520081217.70
=007  ta
=008  1206250u\\\\0\\\0001ba\\\0\\\\\\\\\\\\\\
=014  1\$a1316133$bOCoLC
=022  0\$a0032-2687
=035  \\$a(OCoLC)1316133
=035  \\$a(TestILS)c12806766-01asu_inst
=245  00$aPolicy sciences.
=561  \\$aTESTINST1
=561  \\$aCRU
=583  \\$acommitted to retain$c20120625$dDecember 31, 2035$fTESTPROGRAM$fTESTPROGRAM Silver$uhttp://localhost/services/testprogram/docs/TESTPROGRAMProgramStatement.pdf
=583  \\$acompleteness reviewed$c20120625$fTESTPROGRAM$fTESTPROGRAM Silver$ivolume-level
=852  0\$aTESTINST1$bHDC$ctestprogram-trust
=866  30$80$a1(1970)-38(2005)

