=LDR  00716ny  a22002053n 4500
=001  22903929980003841
=003  TestILS
=004  991011611479703841
=005  20210520081217.90
=007  ta
=008  1206070u\\\\0\\\0001ba\\\0\\\\\\\\\\\\\\
=014  1\$a1640212$bOCoLC
=022  \\$a0025-4878
=035  \\$a(OCoLC)1640212
=035  \\$a(TestILS)c12791672-01asu_inst
=245  04$aThe Massachusetts review.
=561  \\$aTESTINST1
=583  \\$acommitted to retain$c20120607$dDecember 31, 2035$fTESTPROGRAM$fTESTPROGRAM Silver$uhttp://localhost/services/testprogram/docs/TESTPROGRAMProgramStatement.pdf
=583  \\$acompleteness reviewed$c20120607$fTESTPROGRAM$fTESTPROGRAM Silver$ivolume-level$lmissing volumes$zmissing vol 8(1968)
=852  0\$aTESTINST1$bHDC$ctestprogram-trust
=866  30$80$a1(1959)-7(1996), 9(1968)-46(2006)

