=LDR  00648nx  a22001811n 4500
=003  TestILS
=004  991024779349703841
=007  ta
=001  221133694840003841
=008  1912315u\\\\0\\\0000ba\\\0\\\\\\
=005  20210520081217.43
=035  \\$a(OCoLC)29744029
=245  00$aBanks and savings institutions industry developments.
=583  \\$acommitted to retain$c20191231$dDecember 31, 2035$fTESTPROGRAM$fTESTPROGRAM Gold$uhttp://localhost/services/testprogram/docs/TESTPROGRAMProgramStatement.pdf
=583  \\$acompleteness reviewed$c20191231$fTESTPROGRAM$fTESTPROGRAM Gold$iissue level
=583  \\$acondition reviewed$c20191231$fTESTPROGRAM$fTESTPROGRAM Gold$iissue level
=561  \\$aTESTINST1
=852  0\$aTESTINST1$bHDC$ctestprogram-trust$hHG1707.5$i.B378
=866  30$80$a(1995/1996)-(1996/1997)

