=LDR  00697    a2200205 n 4500
=001  22920169330003841
=003  TestILS
=004  991046355209703841
=005  20210520081217.73
=007  ta
=008  1705080u\\\\0\\\0001ba\\\0\\\\\\\\\\\\\\
=014  1\$a48896826$bOCoLC
=035  \\$a(OCoLC)48896826
=035  \\$a(TestILS)c14146617-01asu_inst
=245  10$aDomestic marketing for travel and tourism :$bproceedings of the Travel Industry Association of America's ... annual Marketing Outlook Forum /$cprepared by the Travel Industry Association of America.
=561  \\$aTESTINST1
=583  \\$acommitted to retain$c20170508$dDecember 31, 2035$fTESTPROGRAM$fTESTPROGRAM Gold$uhttp://localhost/services/testprogram/docs/TESTPROGRAMProgramStatement.pdf
=583  \\$acompleteness reviewed$c20170508$fTESTPROGRAM$fTESTPROGRAM Gold$iissue-level
=583  \\$acondition reviewed$c20170508$fTESTPROGRAM$fTESTPROGRAM Gold$iissue-level
=852  0\$aTESTINST1$bHDC$ctestprogram-trust
=866  30$80$a(2002)

