=LDR  00767    a2200229 n 4500
=001  22877470550003841
=003  TestILS
=004  991022839159703841
=005  20210520081218.13
=007  ta
=008  1605010u\\\\0\\\0001ba\\\0\\\\\\\\\\\\\\
=014  1\$a2444367$bOCoLC
=022  0\$a0065-258X
=035  \\$a(OCoLC)2444367
=035  \\$a(TestILS)c13793202-01asu_inst
=245  00$aAdvances in enzymology and related subjects.
=561  \\$aTESTINST1
=583  \\$acommitted to retain$c20160501$dDecember 31, 2035$fTESTPROGRAM$fTESTPROGRAM Gold$uhttp://localhost/services/testprogram/docs/TESTPROGRAMProgramStatement.pdf
=583  \\$acompleteness reviewed$c20160501$fTESTPROGRAM$fTESTPROGRAM Gold$iissue-level
=583  \\$acondition reviewed$c20160501$fTESTPROGRAM$fTESTPROGRAM Gold$iissue-level
=852  0\$aTESTINST1$bHDC$ctestprogram-trust
=866  30$80$a1(1941)-74(2000)
=868  30$80$a1(1941)-74(2000)

