=LDR  00730ny  a22002053n 4500
=001  22879303860003841
=003  TestILS
=004  991011597429703841
=005  20210520081217.80
=007  ta
=008  1206190u\\\\0\\\0001ba\\\0\\\\\\\\\\\\\\
=014  1\$a1607479$bOCoLC
=022  0\$a0034-6705
=035  \\$a(OCoLC)1607479
=035  \\$a(TestILS)c12806006-01asu_inst
=245  04$aThe Review of politics.
=561  \\$aTESTINST1
=583  \\$acommitted to retain$c20120619$dDecember 31, 2035$fTESTPROGRAM$fTESTPROGRAM Silver$uhttp://localhost/services/testprogram/docs/TESTPROGRAMProgramStatement.pdf
=583  \\$acompleteness reviewed$c20120619$fTESTPROGRAM$fTESTPROGRAM Silver$ivolume-level$lmissing volumes$zmissing v.67 issues 3-4s$lreprints$zv.1-6 reprints
=852  0\$aTESTINST1$bHDC$ctestprogram-trust
=866  30$80$a1(1939)-67(2005)

