=LDR  00633ny  a22001933n 4500
=001  22961611510003841
=003  TestILS
=004  991001437619703841
=005  20210520081217.78
=007  ta
=008  1205140u\\\\0\\\0001ba\\\0\\\\\\\\\\\\\\
=014  1\$a4400588$bOCoLC
=022  0\$a0163-593X$l0163-593X
=035  \\$a(OCoLC)4400588
=035  \\$a(TestILS)c12692177-01asu_inst
=245  00$aTransactions of the annual meeting of the American Academy of Ophthalmology and Otolaryngology.
=561  \\$aTESTINST1
=583  \\$acommitted to retain$c20120514$dDecember 31, 2035$fTESTPROGRAM$fTESTPROGRAM Bronze$uhttp://localhost/services/testprogram/docs/TESTPROGRAMProgramStatement.pdf
=852  0\$aTESTINST1$bHDC$ctestprogram-trust$hRE1$i.A4x
=866  30$80$a27(1922), 30(1925)-33(1928), 35(1930), 44(1939)

