=LDR  00663nx  a22001931n 4500
=003  TestILS
=004  991011776439703841
=007  ta
=001  221129597220003841
=008  1908165u\\\\0\\\0000ba\\\0\\\\\\
=005  20210520081217.57
=022  \\$a0361-2767
=035  \\$a(OCoLC)1780155
=245  00$aEmpirical research in theatre.
=583  \\$acommitted to retain$c20190923$dDecember 31, 2035$fTESTPROGRAM$fTESTPROGRAM Gold$uhttp://localhost/services/testprogram/docs/TESTPROGRAMProgramStatement.pdf
=583  \\$acompleteness reviewed$c20190923$fTESTPROGRAM$fTESTPROGRAM Gold$iissue level
=583  \\$acondition reviewed$c20190923$fTESTPROGRAM$fTESTPROGRAM Gold$iissue level
=561  \\$aTESTINST1
=852  0\$aTESTINST1$bHDC$ctestprogram-trust$hPN2075$i.E45
=866  30$80$a1(1971)-10(1984)

