=LDR  00664nx  a22001931n 4500
=003  TestILS
=004  991011829629703841
=007  ta
=001  221067282110003841
=008  1805140u\\\\0\\\0000ba\\\0\\\\\\
=005  20210520081217.75
=035  \\$a(OCoLC)1796451
=245  00$aChemical age.
=583  \\$acommitted to retain$c20180514$dDecember 31, 2035$fTESTPROGRAM$fTESTPROGRAM Silver$uhttp://localhost/services/testprogram/docs/TESTPROGRAMProgramStatement.pdf
=583  \\$acompleteness reviewed$c20180514$fTESTPROGRAM$fTESTPROGRAM Silver$ivolume level$lmissing volumes$zmissing v.6-11
=561  \\$aTESTINST1
=561  \\$aORE
=852  0\$aTESTINST1$bHDC$ctestprogram-trust$hTP1$i.C34
=866  30$80$a2(1920)-5(1921), 12(1925)-105(1972)
=867  30$80$a32(1935)

