=LDR  00707nx  a22001931n 4500
=003  TestILS
=004  991020436549703841
=007  ta
=001  221155098110003841
=008  2103315u\\\\0\\\0000ba\\\0\\\\\\
=005  20210520081217.83
=022  \\$a0162-8712
=035  \\$a(OCoLC)4025459
=245  00$aCalifornia sociologist.
=583  \\$acommitted to retain$c20210331$d20351231$fTESTPROGRAM$fTESTPROGRAM Gold$uhttp://localhost/services/testprogram/docs/TESTPROGRAMProgramStatement.pdf
=583  \\$acompleteness reviewed$c20210331$fTESTPROGRAM$fTESTPROGRAM Gold$iissue level$lmissing issues$zmissing v.16(1993)
=583  \\$acondition reviewed$c20210331$fTESTPROGRAM$fTESTPROGRAM Gold$iissue level
=561  \\$aTESTINST1
=852  0\$aTESTINST1$bHDC$ctestprogram-trust$hHM1$i.C23x
=866  30$80$a1(1977)-15(1992), 17(1994)-18(1995)

