=LDR  00693nx  a22001811n 4500
=003  TestILS
=004  991008759209703841
=007  ta
=001  221067287250003841
=008  1805140u\\\\0\\\0000ba\\\0\\\\\\
=005  20210520081217.53
=022  \\$a0043-9517
=035  \\$a(OCoLC)1189621
=245  14$aThe Writer.
=583  \\$acommitted to retain$c20180514$dDecember 31, 2035$fTESTPROGRAM$fTESTPROGRAM Silver$uhttp://localhost/services/testprogram/docs/TESTPROGRAMProgramStatement.pdf
=583  \\$acompleteness reviewed$c20180514$fTESTPROGRAM$fTESTPROGRAM Silver$ivolume level$lmissing volumes$zmissing v.3; v.5-48; v.87-89; v.111:1
=561  \\$aTESTINST1
=852  0\$aTESTINST1$bHDC$ctestprogram-trust$hPN101 .W7
=866  30$80$a1(1887)-2(1888), 4(1890), 49(1936)-86(1973), 90(1977)-118(2005)

