=LDR  00594    a2200193 n 4500
=001  22894327620003841
=003  TestILS
=004  991028898069703841
=005  20210520081218.19
=007  ta
=008  1705260u\\\\0\\\0001ba\\\0\\\\\\\\\\\\\\
=014  1\$a8217363$bOCoLC
=022  0\$a0333-7081
=035  \\$a(OCoLC)8217363
=035  \\$a(TestILS)c14148080-01asu_inst
=245  00$6880-01$aMeḥḳere Yerushalayim be-maḥshevet Yiśraʼel /$cha-Universiṭah ha-ʻIvrit bi-Yerushalayim, ha-Faḳulṭah le-madʻe ha-ruaḥ, ha-Makhon le-madʻe ha-Yahadut.
=561  \\$aTESTINST1
=583  \\$acommitted to retain$c20170526$dDecember 31, 2035$fTESTPROGRAM$fTESTPROGRAM Bronze$uhttp://localhost/services/testprogram/docs/TESTPROGRAMProgramStatement.pdf
=852  0\$aTESTINST1$bHDC$ctestprogram-trust
=866  30$80$a1(1982)-3(1983/1984), 15(1999)

