=LDR  00909    a2200229 n 4500
=001  22818153110003841
=003  TestILS
=004  991011738849703841
=005  20210520081217.48
=007  ta
=008  1605200u\\\\0\\\0001ba\\\0\\\\\\\\\\\\\\
=014  1\$a1766297$bOCoLC
=022  \\$a0211-3538
=035  \\$a(OCoLC)1766297
=035  \\$a(TestILS)c13831811-01asu_inst
=245  00$aAnuario musical /$cConsejo Superior de Investigaciones Científicas, Instituto Español de Musicología.
=561  \\$aTESTINST1
=561  \\$aIYU
=583  \\$acommitted to retain$c20160520$dDecember 31, 2035$fTESTPROGRAM$fTESTPROGRAM Gold$uhttp://localhost/services/testprogram/docs/TESTPROGRAMProgramStatement.pdf
=583  \\$acompleteness reviewed$c20160520$fTESTPROGRAM$fTESTPROGRAM Gold$iissue-level$lmissing volumes$zmissing v.14-23, 26-42, no.58-59
=583  \\$acondition reviewed$c20160520$fTESTPROGRAM$fTESTPROGRAM Gold$iissue-level$ltight binding$zv.8, v.13 binding is too tight
=852  0\$aTESTINST1$bHDC$ctestprogram-trust
=866  30$80$a1(1946)-13(1958), 24(1969)-25(1970), 43(1988)-47(1992); no.48(1993)-57(2002)

