=LDR  00606nx  a22001811n 4500
=003  TestILS
=004  991020831809703841
=007  ta
=001  221064213610003841
=008  1804230u\\\\0\\\0000ba\\\0\\\\\\
=005  20210520081217.84
=022  \\$a0161-4193
=035  \\$a(OCoLC)4446812
=245  10$aParents' magazine.
=583  \\$acommitted to retain$c20180423$dDecember 31, 2035$fTESTPROGRAM$fTESTPROGRAM Silver$uhttp://localhost/services/testprogram/docs/TESTPROGRAMProgramStatement.pdf
=583  \\$acompleteness reviewed$c20180423$fTESTPROGRAM$fTESTPROGRAM Silver$ivolume level
=561  \\$aTESTINST1
=852  0\$aTESTINST1$bHDC$ctestprogram-trust$hHQ 768 .P33
=866  30$80$a52, no.7(1977)-53, no.10(1978)

