=LDR  00795    a2200229 n 4500
=001  22931530350003841
=003  TestILS
=004  991014199979703841
=005  20210520081218.14
=007  ta
=008  1605200u\\\\0\\\0001ba\\\0\\\\\\\\\\\\\\
=014  1\$a2566761$bOCoLC
=022  \\$a0361-3968
=035  \\$a(OCoLC)2566761
=035  \\$a(TestILS)c13794577-01asu_inst
=245  00$aAsian thought & society.
=561  \\$aTESTINST1
=561  \\$aCUS
=583  \\$acommitted to retain$c20160520$dDecember 31, 2035$fTESTPROGRAM$fTESTPROGRAM Gold$uhttp://localhost/services/testprogram/docs/TESTPROGRAMProgramStatement.pdf
=583  \\$acompleteness reviewed$c20160520$fTESTPROGRAM$fTESTPROGRAM Gold$iissue-level$lmissing issues$zmissing v.26:3/78b13207167
=583  \\$acondition reviewed$c20160520$fTESTPROGRAM$fTESTPROGRAM Gold$iissue-level
=852  0\$aTESTINST1$bHDC$ctestprogram-trust
=866  30$80$a1(1976)-26(2001)

