=LDR  00623nx  a22001811n 4500
=003  TestILS
=004  991011869469703841
=007  ta
=001  221104903180003841
=008  1902190u\\\\0\\\0000ba\\\0\\\\\\
=005  20210520081217.65
=022  \\$a0362-3920
=035  \\$a(OCoLC)2088622
=245  00$aMerchandising.
=583  \\$acommitted to retain$c20190219$dDecember 31, 2035$fTESTPROGRAM$fTESTPROGRAM Silver$uhttp://localhost/services/testprogram/docs/TESTPROGRAMProgramStatement.pdf
=583  \\$acompleteness reviewed$c20190219$fTESTPROGRAM$fTESTPROGRAM Silver$ivolume level$lmissing volumes$zmissing v.1:11-11:2
=561  \\$aTESTINST1
=852  0\$aTESTINST1$bHDC$ctestprogram-trust$hHF5415$i.M47x
=866  30$80$a1(1976)

