=LDR  00681ny  a22002173n 4500
=001  22912698740003841
=003  TestILS
=004  991016527899703841
=005  20210520081218.11
=007  ta
=008  1306110u\\\\0\\\0001ba\\\0\\\\\\\\\\\\\\
=014  1\$a3085059$bOCoLC
=022  0\$a0147-0353
=035  \\$a(OCoLC)3085059
=035  \\$a(TestILS)c13184301-01asu_inst
=245  00$aHealth values.
=561  \\$aCUF
=561  \\$aTESTINST1
=583  \\$acommitted to retain$c20130611$dDecember 31, 2035$fTESTPROGRAM$fTESTPROGRAM Silver$uhttp://localhost/services/testprogram/docs/TESTPROGRAMProgramStatement.pdf
=583  \\$acompleteness reviewed$c20130611$fTESTPROGRAM$fTESTPROGRAM Silver$ivolume-level
=852  0\$aTESTINST1$bHDC$ctestprogram-trust
=866  30$80$a1(1977)-19(1995)

