=LDR  00717ny  a22002173n 4500
=001  22933786320003841
=003  TestILS
=004  991011525329703841
=005  20210520081217.94
=007  ta
=008  1205170u\\\\0\\\0001ba\\\0\\\\\\\\\\\\\\
=014  1\$a1564051$bOCoLC
=022  0\$a0010-096X
=035  \\$a(OCoLC)1564051
=035  \\$a(TestILS)c12759600-01asu_inst
=245  00$aCollege composition and communication.
=561  \\$aTESTINST1
=583  \\$acommitted to retain$c20120517$dDecember 31, 2035$fTESTPROGRAM$fTESTPROGRAM Silver$uhttp://localhost/services/testprogram/docs/TESTPROGRAMProgramStatement.pdf
=583  \\$acompleteness reviewed$c20120517$fTESTPROGRAM$fTESTPROGRAM Silver$ivolume-level
=852  0\$aTESTINST1$bHDC$ctestprogram-trust
=866  30$80$a1(1950)-56(2005)
=868  30$80$a13(1964)-15(1964), 28(1979)-30(1979)

