=LDR  00634nx  a22001811n 4500
=003  TestILS
=004  991037682659703841
=007  ta
=001  221129788570003841
=008  1910315u\\\\0\\\0000ba\\\0\\\\\\
=005  20210520081217.54
=035  \\$a(OCoLC)6454713
=245  00$aRequirements for certification of teachers, counselors, and administrators for elementary schools, secondary schools, junior colleges.
=583  \\$acommitted to retain$c20191031$dDecember 31, 2035$fTESTPROGRAM$fTESTPROGRAM Gold$uhttp://localhost/services/testprogram/docs/TESTPROGRAMProgramStatement.pdf
=583  \\$acompleteness reviewed$c20191031$fTESTPROGRAM$fTESTPROGRAM Gold$iissue level
=583  \\$acondition reviewed$c20191031$fTESTPROGRAM$fTESTPROGRAM Gold$iissue level
=561  \\$aTESTINST1
=852  0\$aTESTINST1$bHDC$ctestprogram-trust$hLB1771$i.R4
=866  30$80$ano.14(1949/50)

