=LDR  00686ny  a22002053n 4500
=001  22815747000003841
=003  TestILS
=004  991011522499703841
=005  20210520081217.46
=007  ta
=008  1206260u\\\\0\\\0001ba\\\0\\\\\\\\\\\\\\
=014  1\$a1554485$bOCoLC
=022  0\$a0361-8234$l0361-8234
=035  \\$a(OCoLC)1554485
=035  \\$a(TestILS)c12807047-01asu_inst
=245  04$aThe Christian scholar :$bthe quarterly journal of the Commission on Christian Higher Education of the National Council of the Churches of Christ in the United States of America.
=561  \\$aTESTINST1
=583  \\$acommitted to retain$c20120626$dDecember 31, 2035$fTESTPROGRAM$fTESTPROGRAM Silver$uhttp://localhost/services/testprogram/docs/TESTPROGRAMProgramStatement.pdf
=583  \\$acompleteness reviewed$c20120626$fTESTPROGRAM$fTESTPROGRAM Silver$ivolume-level
=852  0\$aTESTINST1$bHDC$ctestprogram-trust$hBV1460$i.C6
=866  30$80$a36(1953)-50(1967)

