=LDR  00661ny  a22002053n 4500
=001  22936164360003841
=003  TestILS
=004  991011678259703841
=005  20210520081218.12
=007  ta
=008  1306030u\\\\0\\\0001ba\\\0\\\\\\\\\\\\\\
=014  1\$a1753506$bOCoLC
=022  \\$a0160-5429
=035  \\$a(OCoLC)1753506
=035  \\$a(TestILS)c13182663-01asu_inst
=245  00$aInternational education.
=561  \\$aTESTINST1
=583  \\$acommitted to retain$c20130603$dDecember 31, 2035$fTESTPROGRAM$fTESTPROGRAM Silver$uhttp://localhost/services/testprogram/docs/TESTPROGRAMProgramStatement.pdf
=583  \\$acompleteness reviewed$c20130603$fTESTPROGRAM$fTESTPROGRAM Silver$ivolume-level
=852  0\$aTESTINST1$bHDC$ctestprogram-trust
=866  30$80$a1(1971)-35(2006)

