=LDR  00814ny  a22002173n 4500
=001  22959206480003841
=003  TestILS
=004  991011723789703841
=005  20210520081217.47
=007  ta
=008  1305310u\\\\0\\\0001ba\\\0\\\\\\\\\\\\\\
=014  1\$a1763478$bOCoLC
=022  \\$a0034-0502$l0034-0502
=035  \\$a(OCoLC)1763478
=035  \\$a(TestILS)c13181890-01asu_inst
=245  00$aReading horizons.
=561  \\$aTESTINST1
=561  \\$aWAU
=583  \\$acommitted to retain$c20130531$dDecember 31, 2035$fTESTPROGRAM$fTESTPROGRAM Silver$uhttp://localhost/services/testprogram/docs/TESTPROGRAMProgramStatement.pdf
=583  \\$acompleteness reviewed$c20130531$fTESTPROGRAM$fTESTPROGRAM Silver$ivolume-level$lmissing volumes$zmissing v.1; v.3:1,3; v.4:3-4; v.5:3; v.7-19, 44
=852  0\$aTESTINST1$bHDC$ctestprogram-trust$hLB1050$i.R412
=866  30$80$a2(1961-62)-6(1966), 20(1979)-43(2003), 45(2004)-46(2006)

