=LDR  00756    a2200229 n 4500
=001  22822363800003841
=003  TestILS
=004  991042420499703841
=005  20210520081217.50
=007  ta
=008  1405080u\\\\0\\\0001ba\\\0\\\\\\\\\\\\\\
=014  1\$a20921364$bOCoLC
=022  0\$a1048-3411
=022  0\$a1048-3411
=035  \\$a(OCoLC)20921364
=035  \\$a(TestILS)c13403333-01asu_inst
=245  00$aPeterson's job opportunities for business and liberal arts graduates.
=561  \\$aTESTINST1
=583  \\$acommitted to retain$c20140508$dDecember 31, 2035$fTESTPROGRAM$fTESTPROGRAM Gold$uhttp://localhost/services/testprogram/docs/TESTPROGRAMProgramStatement.pdf
=583  \\$acompleteness reviewed$c20140508$fTESTPROGRAM$fTESTPROGRAM Gold$iissue-level
=583  \\$acondition reviewed$c20140508$fTESTPROGRAM$fTESTPROGRAM Gold$iissue-level
=852  0\$aTESTINST1$bHDC$ctestprogram-trust
=866  30$80$a(1991)-(1993)

