=LDR  00717nx  a22001931n 4500
=003  TestILS
=004  991047589849703841
=007  ta
=001  221128966780003841
=008  1908165u\\\\0\\\0000ba\\\0\\\\\\
=005  20210520081217.39
=022  \\$a1085-0368
=035  \\$a(OCoLC)32109631
=245  08$aThe ... annual.$nVolume 2,$pConsulting.
=583  \\$acommitted to retain$c20190923$dDecember 31, 2035$fTESTPROGRAM$fTESTPROGRAM Gold$uhttp://localhost/services/testprogram/docs/TESTPROGRAMProgramStatement.pdf
=583  \\$acompleteness reviewed$c20190923$fTESTPROGRAM$fTESTPROGRAM Gold$iissue level$lmissing issues$zmissing 1998, 2002-2003
=583  \\$acondition reviewed$c20190923$fTESTPROGRAM$fTESTPROGRAM Gold$iissue level
=561  \\$aTESTINST1
=852  0\$aTESTINST1$bHDC$ctestprogram-trust$hHM134$i.A553
=866  30$80$a(1995)-(1997), (1999)-(2001)

