=LDR  00676nx  a22001811n 4500
=003  TestILS
=004  991011939159703841
=007  ta
=001  221159188050003841
=008  2102175u\\\\0\\\0000ba\\\0\\\\\\
=005  20210520081217.62
=035  \\$a(OCoLC)2274998
=245  00$aProbation and parole.
=583  \\$acommitted to retain$c20210217$d20351231$fTESTPROGRAM$fTESTPROGRAM Gold$uhttp://localhost/services/testprogram/docs/TESTPROGRAMProgramStatement.pdf
=583  \\$acompleteness reviewed$c20210217$fTESTPROGRAM$fTESTPROGRAM Gold$iissue level$lmissing issues$zmissing no.1(1969)-3(1971)
=583  \\$acondition reviewed$c20210217$fTESTPROGRAM$fTESTPROGRAM Gold$iissue level
=561  \\$aTESTINST1
=852  0\$aTESTINST1$bHDC$ctestprogram-trust$hHV9261$i.P73x
=866  30$80$ano. 4(1972)-9(1977)

