=LDR  00785ny  a22002293n 4500
=001  22892842370003841
=003  TestILS
=004  991011623249703841
=005  20210520081217.91
=007  ta
=008  1505010u\\\\0\\\0001ba\\\0\\\\\\\\\\\\\\
=014  1\$a1643134$bOCoLC
=022  \\$a0022-1333$l0022-1333
=030  \\$aJOGNAU
=035  \\$a(OCoLC)1643134
=035  \\$a(TestILS)c13596160-01asu_inst
=245  00$aJournal of genetics.
=561  \\$aTESTINST1
=561  \\$aNTD
=583  \\$acommitted to retain$c20150501$dDecember 31, 2035$fTESTPROGRAM$fTESTPROGRAM Silver$uhttp://localhost/services/testprogram/docs/TESTPROGRAMProgramStatement.pdf
=583  \\$acompleteness reviewed$c20150501$fTESTPROGRAM$fTESTPROGRAM Silver$ivolume-level$lmissing volumes$zmissing vols. 21-24
=852  0\$aTESTINST1$bHDC$ctestprogram-trust$hQH431$i.J65
=866  30$80$a1(1910)-20(1929), 25(1931)-84(2005)

