=LDR  00667ny  a22002173n 4500
=001  22901447870003841
=003  TestILS
=004  991022878149703841
=005  20210520081218.14
=007  ta
=008  1505290u\\\\0\\\0001ba\\\0\\\\\\\\\\\\\\
=014  1\$a5527161$bOCoLC
=022  \\$a0734-3434
=035  \\$a(OCoLC)5527161
=035  \\$a(TestILS)c13607492-01asu_inst
=245  00$aDesert plants.
=561  \\$aTESTINST1
=561  \\$aWYU
=583  \\$acommitted to retain$c20150529$dDecember 31, 2035$fTESTPROGRAM$fTESTPROGRAM Silver$uhttp://localhost/services/testprogram/docs/TESTPROGRAMProgramStatement.pdf
=583  \\$acompleteness reviewed$c20150529$fTESTPROGRAM$fTESTPROGRAM Silver
=852  0\$aTESTINST1$bHDC$ctestprogram-trust
=866  30$80$a1(1979)-22(2006)

