=LDR  00755nx  a22001931n 4500
=003  TestILS
=004  991011930549703841
=007  ta
=001  221129789890003841
=008  1910315u\\\\0\\\0000ba\\\0\\\\\\
=005  20210520081217.62
=022  \\$a0046-3841
=035  \\$a(OCoLC)2261094
=245  00$aFilología moderna.
=583  \\$acommitted to retain$c20191031$dDecember 31, 2035$fTESTPROGRAM$fTESTPROGRAM Gold$uhttp://localhost/services/testprogram/docs/TESTPROGRAMProgramStatement.pdf
=583  \\$acompleteness reviewed$c20191031$fTESTPROGRAM$fTESTPROGRAM Gold$iissue level$lmissing issues$zmissing no.2, 4, 65-67, 71-77, 78+?
=583  \\$acondition reviewed$c20191031$fTESTPROGRAM$fTESTPROGRAM Gold$iissue level
=561  \\$aTESTINST1
=852  0\$aTESTINST1$bHDC$ctestprogram-trust$hPB5$i.F529x
=866  30$80$ano.1(1960), 3(1961), 5(1961)-64(1978), 68(1979)-70(1980)

