=LDR  00684nx  a22001931n 4500
=003  TestILS
=004  991042418209703841
=007  ta
=001  221159187970003841
=008  2102175u\\\\0\\\0000ba\\\0\\\\\\
=005  20210520081217.50
=022  \\$a1050-4710
=035  \\$a(OCoLC)20815969
=245  00$aProperty/casualty insurance facts /$cInsurance Information Institute.
=583  \\$acommitted to retain$c20210217$d20351231$fTESTPROGRAM$fTESTPROGRAM Gold$uhttp://localhost/services/testprogram/docs/TESTPROGRAMProgramStatement.pdf
=583  \\$acompleteness reviewed$c20210217$fTESTPROGRAM$fTESTPROGRAM Gold$iissue level$lmissing issues$zmissing (1992)
=583  \\$acondition reviewed$c20210217$fTESTPROGRAM$fTESTPROGRAM Gold$iissue level
=561  \\$aTESTINST1
=852  0\$aTESTINST1$bHDC$ctestprogram-trust$hHG8523$i.I52
=866  30$80$a(1990)-(1991)

