=LDR  00930ny  a22002293n 4500
=001  22880034760003841
=003  TestILS
=004  991011898989703841
=005  20210520081217.67
=007  ta
=008  1207120u\\\\0\\\0001ba\\\0\\\\\\\\\\\\\\
=014  1\$a2242622$bOCoLC
=022  \\$a0098-8863
=035  \\$a(OCoLC)2242622
=035  \\$a(TestILS)c12809743-01asu_inst
=245  00$aExposure.
=561  \\$aTESTINST1
=561  \\$aCUZ
=583  \\$acommitted to retain$c20120712$dDecember 31, 2035$fTESTPROGRAM$fTESTPROGRAM Gold$uhttp://localhost/services/testprogram/docs/TESTPROGRAMProgramStatement.pdf
=583  \\$acompleteness reviewed$c20120712$fTESTPROGRAM$fTESTPROGRAM Gold$iissue-level$lmissing volumes$zmissing vols. 1-11$lmissing issues$zmissing vol.12 issue 3; vol. 18 issues 2-4; vol. 28 issue 4; vol. 29 issue 4$lmissing images$zmissing images vol 19 issue 2
=583  \\$acondition reviewed$c20120712$fTESTPROGRAM$fTESTPROGRAM Gold$iissue-level
=852  0\$aTESTINST1$bHDC$ctestprogram-trust
=866  30$80$a13(1975)-38(2005)

