=LDR  00787nx  a22001931n 4500
=003  TestILS
=004  991007470689703841
=007  ta
=001  221045479400003841
=008  1701101u\\\\0\\\0001ba\\\0\\\\\\
=005  20210520081218.17
=022  \\$a0409-2570
=035  \\$a(OCoLC)8516846
=245  00$aBest Jewish sermons of ...
=583  \\$acommitted to retain$c20171101$dDecember 31, 2035$fTESTPROGRAM$fTESTPROGRAM Gold$uhttp://localhost/services/testprogram/docs/TESTPROGRAMProgramStatement.pdf
=583  \\$acompleteness reviewed$c20171101$fTESTPROGRAM$fTESTPROGRAM Gold$iissue-level$lmissing volumes$zmissing 1961-1962, 1965-1966, 1971-1974
=583  \\$acondition reviewed$c20171101$fTESTPROGRAM$fTESTPROGRAM Gold$iissue-level
=561  \\$aTESTINST1
=852  0\$aTESTINST1$bHDC$ctestprogram-trust$hBM735$i.B48
=866  30$80$a(1954)-(1955/1956), (1957/1958), (1959/1960), (1963/1964), (1967/1968), (1969/1970)

