=LDR  00505ny  a22001693n 4500
=003  TestILS
=004  991007521459703841
=005  20210520081217.49
=001  221155087150003841
=007  ta
=008  2011090u\\\\0\\\0000ba\\\0\\\\\\
=022  \\$a1064-1734
=035  \\$a(OCoLC)25864037
=245  00$aJournal of current issues and research in advertising.
=561  \\$aTESTINST1
=583  \\$acommitted to retain$c20201109$d20351231$fTESTPROGRAM$fTESTPROGRAM Bronze$uhttp://localhost/services/testprogram/docs/TESTPROGRAMProgramStatement.pdf
=852  0\$aTESTINST1$bHDC$ctestprogram-trust$hHF5801$i.C84
=866  30$80$a14(1992)-30(2008)

