=LDR  00630nx  a22001811n 4500
=003  TestILS
=004  991044152739703841
=007  ta
=001  221103951500003841
=008  1903155u\\\\0\\\0000ba\\\0\\\\\\
=005  20210520081217.51
=035  \\$a(OCoLC)37846616
=245  00$aTradeDimensions ... market scope.
=583  \\$acommitted to retain$c20190315$dDecember 31, 2035$fTESTPROGRAM$fTESTPROGRAM Gold$uhttp://localhost/services/testprogram/docs/TESTPROGRAMProgramStatement.pdf
=583  \\$acompleteness reviewed$c20190315$fTESTPROGRAM$fTESTPROGRAM Gold$iissue level
=583  \\$acondition reviewed$c20190315$fTESTPROGRAM$fTESTPROGRAM Gold$iissue level
=561  \\$aTESTINST1
=852  0\$aTESTINST1$bHDC$ctestprogram-trust$hHD9321.2$i.M37
=866  30$80$a(1998)

