=LDR  00712nx  a22001931n 4500
=003  TestILS
=004  991011552109703841
=007  ta
=001  221126707550003841
=008  1908165u\\\\0\\\0000ba\\\0\\\\\\
=005  20210520081218.04
=022  \\$a0014-4045
=035  \\$a(OCoLC)1568569
=245  00$aExcerpta botanica.$nSectio B,$pSociologica.
=583  \\$acommitted to retain$c20190823$dDecember 31, 2035$fTESTPROGRAM$fTESTPROGRAM Gold$uhttp://localhost/services/testprogram/docs/TESTPROGRAMProgramStatement.pdf
=583  \\$acompleteness reviewed$c20190823$fTESTPROGRAM$fTESTPROGRAM Gold$iissue level$lmissing issues$z3(1961) missing
=583  \\$acondition reviewed$c20190823$fTESTPROGRAM$fTESTPROGRAM Gold$iissue level
=561  \\$aTESTINST1
=852  0\$aTESTINST1$bHDC$ctestprogram-trust$hQK11$i.E83x
=866  30$80$a1(1959)-2(1960), 4(1962)-32(1998)

