=LDR  00661ny  a22002053n 4500
=001  22850279320003841
=003  TestILS
=004  991011839059703841
=005  20210520081217.37
=007  ta
=008  1306120u\\\\0\\\0001ba\\\0\\\\\\\\\\\\\\
=014  1\$a1800245$bOCoLC
=022  \\$a0453-4387
=035  \\$a(OCoLC)1800245
=035  \\$a(TestILS)c13185068-01asu_inst
=245  00$aKeats-Shelley journal.
=561  \\$aTESTINST1
=583  \\$acommitted to retain$c20130612$dDecember 31, 2035$fTESTPROGRAM$fTESTPROGRAM Silver$uhttp://localhost/services/testprogram/docs/TESTPROGRAMProgramStatement.pdf
=583  \\$acompleteness reviewed$c20130612$fTESTPROGRAM$fTESTPROGRAM Silver$ivolume-level
=852  0\$aTESTINST1$bHDC$ctestprogram-trust
=866  30$80$a1(1952)-54(2005)

