=LDR  00782ny  a22002173n 4500
=001  22923431250003841
=003  TestILS
=004  991042406729703841
=005  20210520081217.60
=007  ta
=008  1206110u\\\\0\\\0001ba\\\0\\\\\\\\\\\\\\
=014  1\$a20496086$bOCoLC
=022  0\$a1046-7009
=035  \\$a(OCoLC)20496086
=035  \\$a(TestILS)c1279238x-01asu_inst
=245  00$aForest & conservation history.
=561  \\$aTESTINST1
=561  \\$aOWS
=583  \\$acommitted to retain$c20120611$dDecember 31, 2035$fTESTPROGRAM$fTESTPROGRAM Silver$uhttp://localhost/services/testprogram/docs/TESTPROGRAMProgramStatement.pdf
=583  \\$acompleteness reviewed$c20120611$fTESTPROGRAM$fTESTPROGRAM Silver$ivolume-level$lbinding patterns vary$zvolume 39 is bound alone, all others bound 2 volumes together
=852  0\$aTESTINST1$bHDC$ctestprogram-trust$hSD140$i.F6
=866  30$80$a34(1990)-39(1995)

