=LDR  00799    a2200217 n 4500
=001  22893368340003841
=003  TestILS
=004  991022886049703841
=005  20210520081217.76
=007  ta
=008  1505270u\\\\0\\\0001ba\\\0\\\\\\\\\\\\\\
=014  1\$a5656976$bOCoLC
=022  0\$a0226-5788
=035  \\$a(OCoLC)5656976
=035  \\$a(TestILS)c1360577x-01asu_inst
=245  00$aHealth care.
=561  \\$aTESTINST1
=583  \\$acommitted to retain$c20150527$dDecember 31, 2035$fTESTPROGRAM$fTESTPROGRAM Gold$uhttp://localhost/services/testprogram/docs/TESTPROGRAMProgramStatement.pdf
=583  \\$acompleteness reviewed$c20150527$fTESTPROGRAM$fTESTPROGRAM Gold$iissue-level$lmissing volumes$zmissing vol. 32 issues 5-6
=583  \\$acondition reviewed$c20150527$fTESTPROGRAM$fTESTPROGRAM Gold$iissue-level
=852  0\$aTESTINST1$bHDC$ctestprogram-trust$hRA960$i.H587x
=866  30$80$a21, no.8(1979)-32(1990)

