=LDR  00751    a2200229 n 4500
=001  22835170740003841
=003  TestILS
=004  991011803279703841
=005  20210520081217.98
=007  ta
=008  1505190u\\\\0\\\0001ba\\\0\\\\\\\\\\\\\\
=014  1\$a1786235$bOCoLC
=022  \\$a0090-9920
=035  \\$a(OCoLC)1786235
=035  \\$a(TestILS)c13604557-01asu_inst
=245  00$aNew York affairs.
=561  \\$aTESTINST1
=561  \\$aORZ
=583  \\$acommitted to retain$c20150519$dDecember 31, 2035$fTESTPROGRAM$fTESTPROGRAM Gold$uhttp://localhost/services/testprogram/docs/TESTPROGRAMProgramStatement.pdf
=583  \\$acompleteness reviewed$c20150519$fTESTPROGRAM$fTESTPROGRAM Gold$iissue-level
=583  \\$acondition reviewed$c20150519$fTESTPROGRAM$fTESTPROGRAM Gold$iissue-level
=852  0\$aTESTINST1$bHDC$ctestprogram-trust
=866  30$80$a1(1973)-10(1988)

