=LDR  00684nx  a22001811n 4500
=003  TestILS
=004  991045124489703841
=007  ta
=001  221131877650003841
=008  1912315u\\\\0\\\0000ba\\\0\\\\\\
=005  20210520081218.06
=035  \\$a(OCoLC)35811628
=245  00$aExternal debt statistics.$pResource flows, debt stocks and debt service =$bStatistiques de la dette extérieure. Apports de ressources, encours et service de la dette.
=583  \\$acommitted to retain$c20191231$dDecember 31, 2035$fTESTPROGRAM$fTESTPROGRAM Gold$uhttp://localhost/services/testprogram/docs/TESTPROGRAMProgramStatement.pdf
=583  \\$acompleteness reviewed$c20191231$fTESTPROGRAM$fTESTPROGRAM Gold$iissue level$lmissing issues$zmissing (1985/1996)-(1987/1998)
=583  \\$acondition reviewed$c20191231$fTESTPROGRAM$fTESTPROGRAM Gold$iissue level
=561  \\$aTESTINST1
=852  0\$aTESTINST1$bHDC$ctestprogram-trust$hHJ8899$i.E9632
=866  30$80$a(1984/1995)

