=LDR  00761    a2200229 n 4500
=001  22947322690003841
=003  TestILS
=004  991025108259703841
=005  20210520081217.41
=007  ta
=008  1404160u\\\\0\\\0001ba\\\0\\\\\\\\\\\\\\
=014  1\$a6525456$bOCoLC
=022  0\$a0165-0777
=030  \\$aLSSAD2
=035  \\$a(OCoLC)6525456
=035  \\$a(TestILS)c13401622-01asu_inst
=245  00$aLarge scale systems.
=561  \\$aTESTINST1
=583  \\$acommitted to retain$c20140416$dDecember 31, 2035$fTESTPROGRAM$fTESTPROGRAM Gold$uhttp://localhost/services/testprogram/docs/TESTPROGRAMProgramStatement.pdf
=583  \\$acompleteness reviewed$c20140416$fTESTPROGRAM$fTESTPROGRAM Gold$iissue-level
=583  \\$acondition reviewed$c20140416$fTESTPROGRAM$fTESTPROGRAM Gold$iissue-level
=852  0\$aTESTINST1$bHDC$ctestprogram-trust
=866  30$80$a1(1980)-11, no. 3(1986)

