=LDR  00711    a2200205 n 4500
=001  22924072230003841
=003  TestILS
=004  991020872879703841
=005  20210520081217.86
=007  ta
=008  1605010u\\\\0\\\0001ba\\\0\\\\\\\\\\\\\\
=014  1\$a4888184$bOCoLC
=022  0\$a0885-985X
=035  \\$a(OCoLC)4888184
=035  \\$a(TestILS)c13606670-01asu_inst
=245  00$aJournal of social studies research.
=561  \\$aTESTINST1
=583  \\$acommitted to retain$c20160501$dDecember 31, 2035$fTESTPROGRAM$fTESTPROGRAM Silver$uhttp://localhost/services/testprogram/docs/TESTPROGRAMProgramStatement.pdf
=583  \\$acompleteness reviewed$c20160501$fTESTPROGRAM$fTESTPROGRAM Silver$ivolume-level$lmissing volumes$zmissing v.1-8; v.9:1; v.16&17:1
=852  0\$aTESTINST1$bHDC$ctestprogram-trust
=866  30$80$a9(1985)-32(2008)

