=LDR  00958    a2200229 n 4500
=001  22942030490003841
=003  TestILS
=004  991011700109703841
=005  20210520081217.87
=007  ta
=008  1705080u\\\\0\\\0001ba\\\0\\\\\\\\\\\\\\
=014  1\$a1758690$bOCoLC
=022  0\$a0192-7019$l0192-7019
=035  \\$a(OCoLC)1758690
=035  \\$a(TestILS)c14125110-01asu_inst
=245  00$aMoody's dividend record.
=561  \\$aTESTINST1
=583  \\$acommitted to retain$c20170508$dDecember 31, 2035$fTESTPROGRAM$fTESTPROGRAM Gold$uhttp://localhost/services/testprogram/docs/TESTPROGRAMProgramStatement.pdf
=583  \\$acompleteness reviewed$c20170508$fTESTPROGRAM$fTESTPROGRAM Gold$iissue-level$lmissing volumes$zmissing 1933-1957,1960-1961, 1963, 1965-1967, 1973, 1984, 1998-1999
=583  \\$acondition reviewed$c20170508$fTESTPROGRAM$fTESTPROGRAM Gold$iissue-level
=852  0\$aTESTINST1$bHDC$ctestprogram-trust$hHG4908$i.M83
=866  30$80$a(1958)-(1959), (1962), (1964), (1968), (1970)-(1972), (1974)-(1983), (1985)-(1997)
=867  30$80$a(1987), (1994), (1996), (1997)

