=LDR  00646nx  a22001811n 4500
=003  TestILS
=004  991035487649703841
=007  ta
=001  221169449670003841
=008  2105040u\\\\0\\\0000ba\\\0\\\\\\
=005  20210520081218.02
=035  \\$a(OCoLC)12101296
=245  00$aSunset western market almanac.
=583  \\$acommitted to retain$c20210504$d20351231$fTESTPROGRAM$fTESTPROGRAM Gold$uhttp://localhost/services/testprogram/docs/TESTPROGRAMProgramStatement.pdf
=583  \\$acompleteness reviewed$c20210504$fTESTPROGRAM$fTESTPROGRAM Gold$iissue level
=583  \\$acondition reviewed$c20210504$fTESTPROGRAM$fTESTPROGRAM Gold$iissue level
=561  \\$aTESTINST1
=852  0\$aTESTINST1$bHDC$ctestprogram-trust$hHC107.A172$iW4x
=866  30$80$a(1982/83)-(1986/87), (1989/90)

