=LDR  00755ny  a22002173n 4500
=001  22931133260003841
=003  TestILS
=004  991014196849703841
=005  20210520081218.14
=007  ta
=008  1404160u\\\\0\\\0001ba\\\0\\\\\\\\\\\\\\
=014  1\$a2541651$bOCoLC
=022  \\$a0044-8591
=035  \\$a(OCoLC)2541651
=035  \\$a(TestILS)c13401130-01asu_inst
=245  00$aArchaeology in Montana.
=561  \\$aTESTINST1
=561  \\$aNTD
=583  \\$acommitted to retain$c20140416$dDecember 31, 2035$fTESTPROGRAM$fTESTPROGRAM Silver$uhttp://localhost/services/testprogram/docs/TESTPROGRAMProgramStatement.pdf
=583  \\$acompleteness reviewed$c20140416$fTESTPROGRAM$fTESTPROGRAM Silver$ivolume-level$lmissing volumes$zmissing vols. 1-5; vol. 6 issues 1-2; vol. 9 issues 1,3
=852  0\$aTESTINST1$bHDC$ctestprogram-trust
=866  30$80$a6(1965)-46(2005)

