=LDR  00966    a2200229 n 4500
=001  22828362480003841
=003  TestILS
=004  991030573919703841
=005  20210520081217.47
=007  ta
=008  1705080u\\\\0\\\0001ba\\\0\\\\\\\\\\\\\\
=014  1\$a9159830$bOCoLC
=022  \\$a0522-0629
=030  \\$aBRBEAD
=035  \\$a(OCoLC)9159830
=035  \\$a(TestILS)c14147816-01asu_inst
=245  00$aBall and roller bearing engineering.
=561  \\$aTESTINST1
=583  \\$acommitted to retain$c20170508$dDecember 31, 2035$fTESTPROGRAM$fTESTPROGRAM Gold$uhttp://localhost/services/testprogram/docs/TESTPROGRAMProgramStatement.pdf
=583  \\$acompleteness reviewed$c20170508$fTESTPROGRAM$fTESTPROGRAM Gold$iissue-level$lmissing volumes$zmissing 1963-1968; 1969:2; 1970; 1974-1977; 1978:no.2; 1979:no.2; 1980:no.1; 1983:no.2; 1984; 1986; 1987:no.2; 1988:no.2; 1989; 1991-2005$lReprint$z1979:no.1 Reprint
=583  \\$acondition reviewed$c20170508$fTESTPROGRAM$fTESTPROGRAM Gold$iissue-level
=852  0\$aTESTINST1$bHDC$ctestprogram-trust
=866  30$80$a(1969)-(1983), (1985), (1987)-(1988), (1990)

