=LDR  00797ny  a22002293n 4500
=001  22834851190003841
=003  TestILS
=004  991011792159703841
=005  20210520081217.97
=007  ta
=008  1312130u\\\\0\\\0001ba\\\0\\\\\\\\\\\\\\
=014  1\$a1783485$bOCoLC
=022  \\$a0022-0787$l0022-0787$y2161-1920
=030  \\$aJECODE
=035  \\$a(OCoLC)1783485
=035  \\$a(TestILS)c13287163-01asu_inst
=245  00$aJournal of employment counseling.
=561  \\$aTESTINST1
=561  \\$aCUF
=583  \\$acommitted to retain$c20131213$dDecember 31, 2035$fTESTPROGRAM$fTESTPROGRAM Silver$uhttp://localhost/services/testprogram/docs/TESTPROGRAMProgramStatement.pdf
=583  \\$acompleteness reviewed$c20131213$fTESTPROGRAM$fTESTPROGRAM Silver$ivolume-level$lmissing volumes$zmissing vol. 1-4; vol. 5 issue 1-2
=852  0\$aTESTINST1$bHDC$ctestprogram-trust$hHF5382.5.U5$iJ68
=866  30$80$a5(1968)-43(2006)

