=LDR  00722ny  a22002053n 4500
=001  22832741660003841
=003  TestILS
=004  991045486529703841
=005  20210520081218.07
=007  ta
=008  1506150u\\\\0\\\0001ba\\\0\\\\\\\\\\\\\\
=014  1\$a43379291$bOCoLC
=022  \\$a1528-848X
=035  \\$a(OCoLC)43379291
=035  \\$a(TestILS)c13607844-01asu_inst
=245  00$aNursing law's Regan report.
=561  \\$aTESTINST1
=583  \\$acommitted to retain$c20150615$dDecember 31, 2035$fTESTPROGRAM$fTESTPROGRAM Silver$uhttp://localhost/services/testprogram/docs/TESTPROGRAMProgramStatement.pdf
=583  \\$acompleteness reviewed$c20150615$fTESTPROGRAM$fTESTPROGRAM Silver$ivolume-level$lmissing volumes$zmissing vols. 44-45
=852  0\$aTESTINST1$bHDC$ctestprogram-trust$hRT1$i.R45x
=866  30$80$a40, no. 8 (2000)-43(2002)

