=LDR  00523ny  a22001693n 4500
=003  TestILS
=004  991011847849703841
=005  20210520081217.37
=001  221156616420003841
=007  ta
=008  2011090u\\\\0\\\0000ba\\\0\\\\\\
=022  \\$a0557-2738
=035  \\$a(OCoLC)1910011
=245  04$aThe Romantic movement.
=561  \\$aTESTINST1
=583  \\$acommitted to retain$c20201109$d20351231$fTESTPROGRAM$fTESTPROGRAM Bronze$uhttp://localhost/services/testprogram/docs/TESTPROGRAMProgramStatement.pdf
=852  0\$aTESTINST1$bHDC$ctestprogram-trust$hPN603$i.R52x
=866  30$80$a(1976)-(1985), (1987)-(1993), (1995)

