=LDR  00784    a2200217 n 4500
=001  22869469110003841
=003  TestILS
=004  991018816049703841
=005  20210520081217.64
=007  ta
=008  1605200u\\\\0\\\0001ba\\\0\\\\\\\\\\\\\\
=014  1\$a3436814$bOCoLC
=022  1\$a0191-0310
=035  \\$a(OCoLC)3436814
=035  \\$a(TestILS)c13794772-01asu_inst
=245  10$aStatistical abstract of Oklahoma.
=561  \\$aTESTINST1
=583  \\$acommitted to retain$c20160520$dDecember 31, 2035$fTESTPROGRAM$fTESTPROGRAM Gold$uhttp://localhost/services/testprogram/docs/TESTPROGRAMProgramStatement.pdf
=583  \\$acompleteness reviewed$c20160520$fTESTPROGRAM$fTESTPROGRAM Gold$iissue-level
=583  \\$acondition reviewed$c20160520$fTESTPROGRAM$fTESTPROGRAM Gold$iissue-level
=852  0\$aTESTINST1$bHDC$ctestprogram-trust
=866  30$80$a(1972), (1975), (1978), (1980), (1982), (1984), (1986), (1988)-(1999)

