=LDR  00683nx  a22001811n 4500
=003  TestILS
=004  991023174519703841
=007  ta
=001  221171329390003841
=008  2105110u\\\\0\\\0000ba\\\0\\\\\\
=005  20210520081217.77
=035  \\$a(OCoLC)14361421
=245  04$aThe Individual investor's microcomputer resource guide.
=583  \\$acommitted to retain$c20210513$d20351231$fTESTPROGRAM$fTESTPROGRAM Gold$uhttp://localhost/services/testprogram/docs/TESTPROGRAMProgramStatement.pdf
=583  \\$acompleteness reviewed$c20210513$fTESTPROGRAM$fTESTPROGRAM Gold$iissue level$lmissing issues$zmissing v.1(1984)-3(1985), 5(1987)
=583  \\$acondition reviewed$c20210513$fTESTPROGRAM$fTESTPROGRAM Gold$iissue level
=561  \\$aTESTINST1
=852  0\$aTESTINST1$bHDC$ctestprogram-trust$hHG4515.5$i.I53
=866  30$80$a4(1986), 6(1988)

