=LDR  00615nx  a22001811n 4500
=003  TestILS
=004  991002580869703841
=007  ta
=001  221068529170003841
=008  1805220u\\\\0\\\0000ba\\\0\\\\\\
=005  20210520081218.08
=022  \\$a1089-5914
=035  \\$a(OCoLC)31093135
=245  10$aSyllabus.
=583  \\$acommitted to retain$c20180522$dDecember 31, 2035$fTESTPROGRAM$fTESTPROGRAM Silver$uhttp://localhost/services/testprogram/docs/TESTPROGRAMProgramStatement.pdf
=583  \\$acompleteness reviewed$c20180522$fTESTPROGRAM$fTESTPROGRAM Silver$ivolume level$lmissing v.11:1-3
=561  \\$aTESTINST1
=852  0\$aTESTINST1$bHDC$ctestprogram-trust$hLB1028.43$i.S95
=866  30$80$a8(1994)-18(2004)

