=LDR  00781nx  a22002051n 4500
=003  TestILS
=004  991008730029703841
=007  ta
=001  221153822160003841
=008  2105115u\\\\0\\\0000ba\\\0\\\\\\
=005  20210520081217.52
=022  \\$a0010-9339
=035  \\$a(OCoLC)946176
=245  00$aCorrosion abstracts.
=583  \\$acommitted to retain$c20210511$d20351231$fTESTPROGRAM$fTESTPROGRAM Gold$uhttp://localhost/services/testprogram/docs/TESTPROGRAMProgramStatement.pdf
=583  \\$acompleteness reviewed$c20210511$fTESTPROGRAM$fTESTPROGRAM Gold$iissue level$lmissing issues$zmissing v.1(1962), v.5(1966), v.32:4-6(1993), v.33(1994) and after
=583  \\$acondition reviewed$c20210511$fTESTPROGRAM$fTESTPROGRAM Gold$iissue level
=561  \\$aTESTINST1
=852  0\$aTESTINST1$bHDC$ctestprogram-trust$hTA462$i.C652
=866  30$80$a2(1963)-4(1965), 6(1967)-32(1993)
=867  30$80$a1(1962)

