=LDR  00728    a2200217 n 4500
=001  22963210950003841
=003  TestILS
=004  991005912309703841
=005  20210520081218.17
=007  ta
=008  1605010u\\\\0\\\0001ba\\\0\\\\\\\\\\\\\\
=014  1\$a928226$bOCoLC
=022  \\$a0065-2121
=035  \\$a(OCoLC)928226
=035  \\$a(TestILS)c13792192-01asu_inst
=245  00$aAdvances in alicyclic chemistry.
=561  \\$aTESTINST1
=583  \\$acommitted to retain$c20160501$dDecember 31, 2035$fTESTPROGRAM$fTESTPROGRAM Gold$uhttp://localhost/services/testprogram/docs/TESTPROGRAMProgramStatement.pdf
=583  \\$acompleteness reviewed$c20160501$fTESTPROGRAM$fTESTPROGRAM Gold$iissue-level
=583  \\$acondition reviewed$c20160501$fTESTPROGRAM$fTESTPROGRAM Gold$iissue-level
=852  0\$aTESTINST1$bHDC$ctestprogram-trust
=866  30$80$a1(1966)-3(1971)

