=LDR  00839    a2200217 n 4500
=001  22875962810003841
=003  TestILS
=004  991011919069703841
=005  20210520081217.89
=007  ta
=008  1312160u\\\\0\\\0001ba\\\0\\\\\\\\\\\\\\
=014  1\$a2254068$bOCoLC
=022  1\$a0278-6990
=035  \\$a(OCoLC)2254068
=035  \\$a(TestILS)c13302760-01asu_inst
=245  04$aThe American freshman, national norms for ... /$cLaboratory for Research in Higher Education, Graduate School of Education, University of California, Los Angeles ; prepared by the staff of the Cooperative Institutional Research Program.
=561  \\$aTESTINST1
=583  \\$acommitted to retain$c20131216$dDecember 31, 2035$fTESTPROGRAM$fTESTPROGRAM Gold$uhttp://localhost/services/testprogram/docs/TESTPROGRAMProgramStatement.pdf
=583  \\$acompleteness reviewed$c20131216$fTESTPROGRAM$fTESTPROGRAM Gold$iissue-level$lmissing volumes$zmissing vol. 1971, 1973-1983
=583  \\$acondition reviewed$c20131216$fTESTPROGRAM$fTESTPROGRAM Gold$iissue-level$lhighlighting/underlining$zunderlining in vol. for 1970
=852  0\$aTESTINST1$bHDC$ctestprogram-trust
=866  30$80$a(1972), (1984)-(2005)

