=LDR  00636nx  a22001811n 4500
=003  TestILS
=004  991025129039703841
=007  ta
=001  221067287530003841
=008  1805140u\\\\0\\\0000ba\\\0\\\\\\
=005  20210520081217.42
=022  \\$a0736-9913
=035  \\$a(OCoLC)6836997
=245  10$aPopular mechanics :$ban illustrated weekly review of the mechanical press of the world.
=583  \\$acommitted to retain$c20180514$dDecember 31, 2035$fTESTPROGRAM$fTESTPROGRAM Silver$uhttp://localhost/services/testprogram/docs/TESTPROGRAMProgramStatement.pdf
=583  \\$acompleteness reviewed$c20180514$fTESTPROGRAM$fTESTPROGRAM Silver$ivolume level$lmissing volumes$zmissing v.18
=561  \\$aTESTINST1
=852  0\$aTESTINST1$bHDC$ctestprogram-trust$hT1$i.P77
=866  30$80$a7(1905)-17(1912), 19, no.5(1913)

