=LDR  00596nx  a22001811n 4500
=003  TestILS
=004  991046794079703841
=007  ta
=001  221111759300003841
=008  1905210u\\\\0\\\0000ba\\\0\\\\\\
=005  20210520081217.74
=022  \\$a1538-5981
=035  \\$a(OCoLC)48911476
=245  00$aAARP modern maturity.
=583  \\$acommitted to retain$c20190521$dDecember 31, 2035$fTESTPROGRAM$fTESTPROGRAM Silver$uhttp://localhost/services/testprogram/docs/TESTPROGRAMProgramStatement.pdf
=583  \\$acompleteness reviewed$c20190521$fTESTPROGRAM$fTESTPROGRAM Silver$ivolume level
=561  \\$aTESTINST1
=852  0\$aTESTINST1$bHDC$ctestprogram-trust$hHQ1060$i.M62x
=866  30$80$a45(2002)-46(2003)

