=LDR  00629nx  a22001691n 4500
=003  TestILS
=004  991035502749703841
=007  ta
=001  221114396490003841
=008  1908140u\\\\0\\\0000ba\\\0\\\\\\
=005  20210520081218.02
=035  \\$a(OCoLC)12579605
=245  00$aFodor's Bahamas.
=583  \\$acommitted to retain$c20190814$dDecember 31, 2035$fTESTPROGRAM$fTESTPROGRAM Silver$uhttp://localhost/services/testprogram/docs/TESTPROGRAMProgramStatement.pdf
=583  \\$acompleteness reviewed$c20190814$fTESTPROGRAM$fTESTPROGRAM Silver$ivolume level$lmissing volumes$zmissing (1986), (2004), (2009)-(2015)
=561  \\$aTESTINST1
=852  0\$aTESTINST1$bHDC$ctestprogram-trust$hF1652$i.F63x
=866  30$80$a(1987)-(2003), (2005)

