=LDR  00580    a2200193 n 4500
=001  22901498090003841
=003  TestILS
=004  991022880249703841
=005  20210520081218.14
=007  ta
=008  1505290u\\\\0\\\0001ba\\\0\\\\\\\\\\\\\\
=014  1\$a5543328$bOCoLC
=022  \\$a0885-7288
=035  \\$a(OCoLC)5543328
=035  \\$a(TestILS)c13607066-01asu_inst
=245  00$aCareer development for exceptional individuals :$bofficial journal of Division on Career Development, the Council for Exceptional Children.
=561  \\$aTESTINST1
=583  \\$acommitted to retain$c20130614$dDecember 31, 2035$fTESTPROGRAM$fTESTPROGRAM Bronze$uhttp://localhost/services/testprogram/docs/TESTPROGRAMProgramStatement.pdf
=852  0\$aTESTINST1$bHDC$ctestprogram-trust
=866  30$80$a1(1978)-29(2006)

