=LDR  00747ny  a22002173n 4500
=001  22858435700003841
=003  TestILS
=004  991027411259703841
=005  20210520081217.81
=007  ta
=008  1505010u\\\\0\\\0001ba\\\0\\\\\\\\\\\\\\
=014  1\$a42210173$bOCoLC
=022  0\$a1526-3894$l1526-3894
=035  \\$a(OCoLC)42210173
=035  \\$a(TestILS)c13578248-01asu_inst
=245  04$aThe Massachusetts historical review.
=561  \\$aIYU
=561  \\$aUUS
=583  \\$acommitted to retain$c20150501$dDecember 31, 2035$fTESTPROGRAM$fTESTPROGRAM Silver$uhttp://localhost/services/testprogram/docs/TESTPROGRAMProgramStatement.pdf
=583  \\$acompleteness reviewed$c20150501$fTESTPROGRAM$fTESTPROGRAM Silver$ivolume-level$lmissing volumes$zmissing vol. 2
=852  0\$aTESTINST1$bHDC$ctestprogram-trust$hF61$i.M245
=866  30$80$a1(1999), 3(2001)-7(2005)

