=LDR  00812nx  a22001931n 4500
=003  TestILS
=004  991016548499703841
=007  ta
=001  221129426000003841
=008  1908165u\\\\0\\\0000ba\\\0\\\\\\
=005  20210520081218.18
=022  \\$a0362-8132$l0362-8132
=035  \\$a(OCoLC)3357984$z(OCoLC)692229$z(OCoLC)1481128$z(OCoLC)4531574$z(OCoLC)5430336$z(OCoLC)10061617
=245  00$aGuide to U.S. Government serials & periodicals.
=583  \\$acommitted to retain$c20190923$dDecember 31, 2035$fTESTPROGRAM$fTESTPROGRAM Gold$uhttp://localhost/services/testprogram/docs/TESTPROGRAMProgramStatement.pdf
=583  \\$acompleteness reviewed$c20190923$fTESTPROGRAM$fTESTPROGRAM Gold$iissue level$lmissing issues$zmissing (1962 v.1)
=583  \\$acondition reviewed$c20190923$fTESTPROGRAM$fTESTPROGRAM Gold$iissue level
=561  \\$aTESTINST1
=852  0\$aTESTINST1$bHDC$ctestprogram-trust$hZ1223.Z7$iA574
=866  30$80$a(1964)-(1965), (1967), (1969)-(1972)

