=LDR  00687ny  a22002053n 4500
=001  22849202080003841
=003  TestILS
=004  991030508739703841
=005  20210520081217.46
=007  ta
=008  1508030u\\\\0\\\0001ba\\\0\\\\\\\\\\\\\\
=014  1\$a3300313$bOCoLC
=022  \\$a0149-3361$l0149-3361
=035  \\$a(OCoLC)3300313
=035  \\$a(TestILS)c1364614x-01asu_inst
=245  00$aIndiana writes.
=561  \\$aIYU
=583  \\$acommitted to retain$c20150803$dDecember 31, 2035$fTESTPROGRAM$fTESTPROGRAM Silver$uhttp://localhost/services/testprogram/docs/TESTPROGRAMProgramStatement.pdf
=583  \\$acompleteness reviewed$c20150803$fTESTPROGRAM$fTESTPROGRAM Silver$ivolume-level
=852  0\$aTESTINST1$bHDC$ctestprogram-trust$hPS571.I6$iI65x
=866  30$80$a1(1976)-4(1981)

