=LDR  00661nx  a22001931n 4500
=003  TestILS
=004  991027126579703841
=007  ta
=001  221147858870003841
=008  2006305u\\\\0\\\0000ba\\\0\\\\\\
=005  20210520081217.69
=022  \\$a0275-584X
=035  \\$a(OCoLC)7189007
=245  00$aPerspectives on the American South.
=583  \\$acommitted to retain$c20200630$dDecember 31, 2035$fTESTPROGRAM$fTESTPROGRAM Gold$uhttp://localhost/services/testprogram/docs/TESTPROGRAMProgramStatement.pdf
=583  \\$acompleteness reviewed$c20200630$fTESTPROGRAM$fTESTPROGRAM Gold$iissue level
=583  \\$acondition reviewed$c20200630$fTESTPROGRAM$fTESTPROGRAM Gold$iissue level
=561  \\$aTESTINST1
=852  0\$aTESTINST1$bHDC$ctestprogram-trust$hF206$i.P46x
=866  30$80$a1(1981)-4(1987)

