=LDR  00660nx  a22001931n 4500
=003  TestILS
=004  991014185339703841
=007  ta
=001  221134808680003841
=008  1912315u\\\\0\\\0000ba\\\0\\\\\\
=005  20210520081217.93
=022  \\$a0027-5905
=035  \\$a(OCoLC)2457302
=245  00$aNALLD journal :$bnewsletter of the National Association of Language Laboratory Directors.
=583  \\$acommitted to retain$c20191231$dDecember 31, 2035$fTESTPROGRAM$fTESTPROGRAM Gold$uhttp://localhost/services/testprogram/docs/TESTPROGRAMProgramStatement.pdf
=583  \\$acompleteness reviewed$c20191231$fTESTPROGRAM$fTESTPROGRAM Gold$iissue level
=583  \\$acondition reviewed$c20191231$fTESTPROGRAM$fTESTPROGRAM Gold$iissue level
=561  \\$aTESTINST1
=852  0\$aTESTINST1$bHDC$ctestprogram-trust$hP51$i.N3x
=866  30$80$a4(1969)-19(1985)

