=LDR  00730nx  a22001811n 4500
=003  TestILS
=004  991020230339703841
=007  ta
=001  221129396760003841
=008  1908165u\\\\0\\\0000ba\\\0\\\\\\
=005  20210520081217.82
=035  \\$a(OCoLC)3939655
=245  00$aAnnual of advertising and editorial art and design of the New York Art Directors Club.
=583  \\$acommitted to retain$c20190923$dDecember 31, 2035$fTESTPROGRAM$fTESTPROGRAM Gold$uhttp://localhost/services/testprogram/docs/TESTPROGRAMProgramStatement.pdf
=583  \\$acompleteness reviewed$c20190923$fTESTPROGRAM$fTESTPROGRAM Gold$iissue level$lmissing issues$zv.36(1957), v.38(1959), v.46:1(1967) missing
=583  \\$acondition reviewed$c20190923$fTESTPROGRAM$fTESTPROGRAM Gold$iissue level
=561  \\$aTESTINST1
=852  0\$aTESTINST1$bHDC$ctestprogram-trust$hNC997.A1$iA69
=866  30$80$a37(1958), 39(1960)-42(1963), 44(1965)-46(1967)

