=LDR  00732    a2200217 n 4500
=001  22953150390003841
=003  TestILS
=004  991038898629703841
=005  20210520081217.54
=007  ta
=008  1605090u\\\\0\\\0001ba\\\0\\\\\\\\\\\\\\
=014  1\$a15214341$bOCoLC
=022  0\$a0892-5569
=035  \\$a(OCoLC)15214341
=035  \\$a(TestILS)c1379422x-01asu_inst
=245  00$aComparative urban and community research.
=561  \\$aTESTINST1
=583  \\$acommitted to retain$c20160509$dDecember 31, 2035$fTESTPROGRAM$fTESTPROGRAM Gold$uhttp://localhost/services/testprogram/docs/TESTPROGRAMProgramStatement.pdf
=583  \\$acompleteness reviewed$c20160509$fTESTPROGRAM$fTESTPROGRAM Gold$iissue-level
=583  \\$acondition reviewed$c20160509$fTESTPROGRAM$fTESTPROGRAM Gold$iissue-level
=852  0\$aTESTINST1$bHDC$ctestprogram-trust
=866  30$80$a1(1988)-7(2001)

