=LDR  00686ny  a22002173n 4500
=001  22889754010003841
=003  TestILS
=004  991007541969703841
=005  20210520081217.49
=007  ta
=008  1505290u\\\\0\\\0001ba\\\0\\\\\\\\\\\\\\
=014  1\$a26514546$bOCoLC
=022  0\$a1065-1438
=030  \\$aJSLPEP
=035  \\$a(OCoLC)26514546
=035  \\$a(TestILS)c13606463-01asu_inst
=245  00$aJournal of medical speech-language pathology.
=561  \\$aTESTINST1
=583  \\$acommitted to retain$c20150529$dDecember 31, 2035$fTESTPROGRAM$fTESTPROGRAM Silver$uhttp://localhost/services/testprogram/docs/TESTPROGRAMProgramStatement.pdf
=583  \\$acompleteness reviewed$c20150529$fTESTPROGRAM$fTESTPROGRAM Silver$ivolume-level
=852  0\$aTESTINST1$bHDC$ctestprogram-trust
=866  30$80$a1(1993)-13(2005)

