=LDR  00669nx  a22001931n 4500
=003  TestILS
=004  991046149659703841
=007  ta
=001  221133697120003841
=008  1912315u\\\\0\\\0000ba\\\0\\\\\\
=005  20210520081217.73
=022  \\$a1546-8186
=035  \\$a(OCoLC)48692121
=245  00$aBanks, credit unions, and other lenders and depository institutions industry developments.
=583  \\$acommitted to retain$c20191231$dDecember 31, 2035$fTESTPROGRAM$fTESTPROGRAM Gold$uhttp://localhost/services/testprogram/docs/TESTPROGRAMProgramStatement.pdf
=583  \\$acompleteness reviewed$c20191231$fTESTPROGRAM$fTESTPROGRAM Gold$iissue level
=583  \\$acondition reviewed$c20191231$fTESTPROGRAM$fTESTPROGRAM Gold$iissue level
=561  \\$aTESTINST1
=852  0\$aTESTINST1$bHDC$ctestprogram-trust$hHG1707.5$i.D4x
=866  30$80$a(2002/03)-(2006/07)

