=LDR  00889ny  a22002053n 4500
=001  22820786120003841
=003  TestILS
=004  991011537559703841
=005  20210520081217.94
=007  ta
=008  1401060u\\\\0\\\0001ba\\\0\\\\\\\\\\\\\\
=014  1\$a1566099$bOCoLC
=022  0\$a0011-7765
=035  \\$a(OCoLC)1566099
=035  \\$a(TestILS)c13303491-01asu_inst
=245  00$aDelaware history.
=561  \\$aTESTINST1
=583  \\$acommitted to retain$c20140106$dDecember 31, 2035$fTESTPROGRAM$fTESTPROGRAM Silver$uhttp://localhost/services/testprogram/docs/TESTPROGRAMProgramStatement.pdf
=583  \\$acompleteness reviewed$c20140106$fTESTPROGRAM$fTESTPROGRAM Silver$ivolume-level$lmissing volumes$zmissing vols. 8-10$lReprints$zReprints vol. 1-7$lbinding patterns vary$zfor vols. 1-3, three volumes bound together as single piece; for vols. 21-22 two volumes bound together as single piece
=852  0\$aTESTINST1$bHDC$ctestprogram-trust
=866  30$80$a1(1946)-7(1957), 11(1964)-31(2007)

