=LDR  00724nx  a22001931n 4500
=003  TestILS
=004  991025067189703841
=007  ta
=001  221045718740003841
=008  1711150u\\\\0\\\0000ba\\\0\\\\\\
=005  20210520081217.43
=022  \\$a0197-6966
=035  \\$a(OCoLC)6072067
=245  04$aThe Data resources review of the U.S. economy.
=583  \\$acommitted to retain$c20171115$dDecember 31, 2035$fTESTPROGRAM$fTESTPROGRAM Gold$uhttp://localhost/services/testprogram/docs/TESTPROGRAMProgramStatement.pdf
=583  \\$acompleteness reviewed$c20171115$fTESTPROGRAM$fTESTPROGRAM Gold$iissue level$lmissing volumes$zmissing 1979-1980; 1981:Jan-Jun; 1982:Apr-May
=583  \\$acondition reviewed$c20171115$fTESTPROGRAM$fTESTPROGRAM Gold$iissue level
=561  \\$aTESTINST1
=852  0\$aTESTINST1$bHDC$ctestprogram-trust$hHC106.6 .D37
=866  30$80$a(1981)-(1983)

