=LDR  00610nx  a22001811n 4500
=003  TestILS
=004  991044919309703841
=007  ta
=001  221106346670003841
=008  1905090u\\\\0\\\0000ba\\\0\\\\\\
=005  20210520081217.52
=022  \\$a1536-9129
=035  \\$a(OCoLC)38542839
=245  00$aCommunication: journalism education today.
=583  \\$acommitted to retain$c20190509$dDecember 31, 2035$fTESTPROGRAM$fTESTPROGRAM Silver$uhttp://localhost/services/testprogram/docs/TESTPROGRAMProgramStatement.pdf
=583  \\$acompleteness reviewed$c20190509$fTESTPROGRAM$fTESTPROGRAM Silver$ivolume level
=561  \\$aTESTINST1
=852  0\$aTESTINST1$bHDC$ctestprogram-trust$hPN4788$i.C65
=866  30$80$a45 (2011/2012) - 49, no.2 (2015)

