=LDR  00681ny  a22002173n 4500
=001  22956312900003841
=003  TestILS
=004  991044564309703841
=005  20210520081217.51
=007  ta
=008  1403310u\\\\0\\\0001ba\\\0\\\\\\\\\\\\\\
=014  1\$a5154569$bOCoLC
=022  0\$a0195-6167
=035  \\$a(OCoLC)5154569
=035  \\$a(TestILS)c13380096-01asu_inst
=245  00$aMusic theory spectrum.
=561  \\$aSTA
=561  \\$aHTM
=583  \\$acommitted to retain$c20140331$dDecember 31, 2035$fTESTPROGRAM$fTESTPROGRAM Silver$uhttp://localhost/services/testprogram/docs/TESTPROGRAMProgramStatement.pdf
=583  \\$acompleteness reviewed$c20140331$fTESTPROGRAM$fTESTPROGRAM Silver$ivolume-level
=852  0\$aTESTINST1$bHDC$ctestprogram-trust
=866  30$80$a1(1979)-28(2006)

