=LDR  00600nx  a22001811n 4500
=003  TestILS
=004  991044298389703841
=007  ta
=001  221067409670003841
=008  1805220u\\\\0\\\0000ba\\\0\\\\\\
=005  20210520081217.51
=022  \\$a0899-9287
=035  \\$a(OCoLC)17276109
=245  04$aThe Healthcare Forum journal.
=583  \\$acommitted to retain$c20180522$dDecember 31, 2035$fTESTPROGRAM$fTESTPROGRAM Silver$uhttp://localhost/services/testprogram/docs/TESTPROGRAMProgramStatement.pdf
=583  \\$acompleteness reviewed$c20180522$fTESTPROGRAM$fTESTPROGRAM Silver$ivolume level
=561  \\$aTESTINST1
=852  0\$aTESTINST1$bHDC$ctestprogram-trust$hRA960 .H545
=866  30$80$a30, no.4(1987)-41(1998)

