=LDR  00692nx  a22001931n 4500
=003  TestILS
=004  991030590249703841
=007  ta
=001  221067401710003841
=008  1805165u\\\\0\\\0000ba\\\0\\\\\\
=005  20210520081217.57
=022  \\$a0715-7118
=035  \\$a(OCoLC)9475999
=245  00$aCanadian legislatures.
=583  \\$acommitted to retain$c20180523$dDecember 31, 2035$fTESTPROGRAM$fTESTPROGRAM Gold$uhttp://localhost/services/testprogram/docs/TESTPROGRAMProgramStatement.pdf
=583  \\$acompleteness reviewed$c20180523$fTESTPROGRAM$fTESTPROGRAM Gold$iissue level$lmissing 1981, 1989-1991
=583  \\$acondition reviewed$c20180523$fTESTPROGRAM$fTESTPROGRAM Gold$iissue level
=561  \\$aTESTINST1
=852  0\$aTESTINST1$bHDC$ctestprogram-trust$hJL179 .C362
=866  30$80$a(1982)-(1988), (1992)

