=LDR  00606nx  a22001691n 4500
=003  TestILS
=004  991011655149703841
=007  ta
=001  221064213690003841
=008  1804230u\\\\0\\\0000ba\\\0\\\\\\
=005  20210520081217.61
=035  \\$a(OCoLC)1715028
=245  10$aParents' magazine.
=583  \\$acommitted to retain$c20180423$dDecember 31, 2035$fTESTPROGRAM$fTESTPROGRAM Silver$uhttp://localhost/services/testprogram/docs/TESTPROGRAMProgramStatement.pdf
=583  \\$acompleteness reviewed$c20180423$fTESTPROGRAM$fTESTPROGRAM Silver$ivolume level$lmissing volumes$lmissing v.4:8-12
=561  \\$aTESTINST1
=852  0\$aTESTINST1$bHDC$ctestprogram-trust$hHQ768 .P33
=866  30$80$a5(1930)-28, no.7(1953)

