=LDR  00717ny  a22002293n 4500
=001  22962004780003841
=003  TestILS
=004  991047004889703841
=005  20210520081217.39
=007  ta
=008  1206280u\\\\0\\\0001ba\\\0\\\\\\\\\\\\\\
=014  1\$a25768799$bOCoLC
=022  \\$a0963-7214
=030  \\$aCDPSE8
=035  \\$a(OCoLC)25768799
=035  \\$a(TestILS)c12807333-01asu_inst
=245  00$aCurrent directions in psychological science :$ba journal of the American Psychological Society.
=561  \\$aTESTINST1
=561  \\$aORC
=583  \\$acommitted to retain$c20120628$dDecember 31, 2035$fTESTPROGRAM$fTESTPROGRAM Silver$uhttp://localhost/services/testprogram/docs/TESTPROGRAMProgramStatement.pdf
=583  \\$acompleteness reviewed$c20120628$fTESTPROGRAM$fTESTPROGRAM Silver$ivolume-level
=852  0\$aTESTINST1$bHDC$ctestprogram-trust$hBF1$i.C86
=866  30$80$a1(1992)-14(2005)

