=LDR  00750nx  a22001931n 4500
=003  TestILS
=004  991011502129703841
=007  ta
=001  221147779980003841
=008  2005315u\\\\0\\\0000ba\\\0\\\\\\
=005  20210520081217.45
=022  \\$a0067-8198
=035  \\$a(OCoLC)1532832
=245  00$aBibliotheca Nutritio et Dieta.
=583  \\$acommitted to retain$c20200531$dDecember 31, 2035$fTESTPROGRAM$fTESTPROGRAM Gold$uhttp://localhost/services/testprogram/docs/TESTPROGRAMProgramStatement.pdf
=583  \\$acompleteness reviewed$c20200531$fTESTPROGRAM$fTESTPROGRAM Gold$iissue level$lmissing issues$zno.14(1970), 53(1996), 55(2001) missing
=583  \\$acondition reviewed$c20200531$fTESTPROGRAM$fTESTPROGRAM Gold$iissue level
=561  \\$aTESTINST1
=852  0\$aTESTINST1$bHDC$ctestprogram-trust$hRM214$i.N752x
=866  30$80$a1(1960)-13(1969), 15(1970)-50(1991), 54(1996)

