=LDR  00781    a2200217 n 4500
=001  22846308150003841
=003  TestILS
=004  991045039009703841
=005  20210520081218.06
=007  ta
=008  1505220u\\\\0\\\0001ba\\\0\\\\\\\\\\\\\\
=014  1\$a34438917$bOCoLC
=022  \\$a1025-0689
=035  \\$a(OCoLC)34438917
=035  \\$a(TestILS)c13604764-01asu_inst
=245  00$6880-01$aDong Wu li shi xue bao /$cDong Wu da xue.
=561  \\$aTESTINST1
=583  \\$acommitted to retain$c20150522$dDecember 31, 2035$fTESTPROGRAM$fTESTPROGRAM Gold$uhttp://localhost/services/testprogram/docs/TESTPROGRAMProgramStatement.pdf
=583  \\$acompleteness reviewed$c20150522$fTESTPROGRAM$fTESTPROGRAM Gold$iissue-level$lmissing volumes$zmissing vols. 2-3
=583  \\$acondition reviewed$c20150522$fTESTPROGRAM$fTESTPROGRAM Gold$iissue-level
=852  0\$aTESTINST1$bHDC$ctestprogram-trust
=866  30$80$ano.1(1995), 4(1998)-14(2005)

