=LDR  00700ny  a22002173n 4500
=001  22887594100003841
=003  TestILS
=004  991018863739703841
=005  20210520081217.72
=007  ta
=008  1404160u\\\\0\\\0001ba\\\0\\\\\\\\\\\\\\
=014  1\$a4130073$bOCoLC
=022  0\$a0193-8991
=035  \\$a(OCoLC)4130073
=035  \\$a(TestILS)c13382780-01asu_inst
=245  00$aMelville Society extracts.
=561  \\$aTESTINST1
=583  \\$acommitted to retain$c20140416$dDecember 31, 2035$fTESTPROGRAM$fTESTPROGRAM Silver$uhttp://localhost/services/testprogram/docs/TESTPROGRAMProgramStatement.pdf
=583  \\$acompleteness reviewed$c20140416$fTESTPROGRAM$fTESTPROGRAM Silver$ivolume-level
=852  0\$aTESTINST1$bHDC$ctestprogram-trust
=866  30$80$a34(1978)-129(2005)
=868  30$80$a34(1978)-72(1989)

