=LDR  00717    a2200205 n 4500
=001  22929792460003841
=003  TestILS
=004  991029952659703841
=005  20210520081217.46
=007  ta
=008  1505290u\\\\0\\\0001ba\\\0\\\\\\\\\\\\\\
=014  1\$a3906237$bOCoLC
=035  \\$a(OCoLC)3906237
=035  \\$a(TestILS)c13607327-01asu_inst
=245  00$aJournal of the parliaments of the Empire.
=561  \\$aOKU
=583  \\$acommitted to retain$c20150529$dDecember 31, 2035$fTESTPROGRAM$fTESTPROGRAM Gold$uhttp://localhost/services/testprogram/docs/TESTPROGRAMProgramStatement.pdf
=583  \\$acompleteness reviewed$c20150529$fTESTPROGRAM$fTESTPROGRAM Gold$iissue-level
=583  \\$acondition reviewed$c20150529$fTESTPROGRAM$fTESTPROGRAM Gold$iissue-level
=852  0\$aTESTINST1$bHDC$ctestprogram-trust$hJN101$i.J6
=866  30$80$a1(1920)-29(1948)

