=LDR  00730    a2200217 n 4500
=001  22937619060003841
=003  TestILS
=004  991011457629703841
=005  20210520081217.71
=007  ta
=008  1505270u\\\\0\\\0001ba\\\0\\\\\\\\\\\\\\
=014  1\$a1461182$bOCoLC
=022  \\$a0065-2539
=035  \\$a(OCoLC)1461182
=035  \\$a(TestILS)c13606001-01asu_inst
=245  00$aAdvances in electronic circuit packaging :$bproceedings of the ... International Electronic Circuit Packaging Symposium.
=561  \\$aTESTINST1
=583  \\$acommitted to retain$c20150527$dDecember 31, 2035$fTESTPROGRAM$fTESTPROGRAM Gold$uhttp://localhost/services/testprogram/docs/TESTPROGRAMProgramStatement.pdf
=583  \\$acompleteness reviewed$c20150527$fTESTPROGRAM$fTESTPROGRAM Gold$iissue-level
=583  \\$acondition reviewed$c20150527$fTESTPROGRAM$fTESTPROGRAM Gold$iissue-level
=852  0\$aTESTINST1$bHDC$ctestprogram-trust
=866  30$80$a1(1960)-5(1964)

