=LDR  00839    a2200241 n 4500
=001  22877910670003841
=003  TestILS
=004  991011904559703841
=005  20210520081217.88
=007  ta
=008  1605010u\\\\0\\\0001ba\\\0\\\\\\\\\\\\\\
=014  1\$a2244594$bOCoLC
=022  0\$a0146-356X$l0146-356X$z0091-0600
=030  \\$aIJPPD4
=035  \\$a(OCoLC)2244594
=035  \\$a(TestILS)c13790869-01asu_inst
=245  00$aInternational journal of psychoanalytic psychotherapy.
=561  \\$aTESTINST1
=561  \\$aWYU
=583  \\$acommitted to retain$c20160501$dDecember 31, 2035$fTESTPROGRAM$fTESTPROGRAM Gold$uhttp://localhost/services/testprogram/docs/TESTPROGRAMProgramStatement.pdf
=583  \\$acompleteness reviewed$c20160501$fTESTPROGRAM$fTESTPROGRAM Gold$iissue-level$lmissing volumes$zmissing v.8
=583  \\$acondition reviewed$c20160501$fTESTPROGRAM$fTESTPROGRAM Gold$iissue-level
=852  0\$aTESTINST1$bHDC$ctestprogram-trust$hRC475$i.I6x
=866  30$80$a1(1972)-11(1986)

