=LDR  00745nx  a22001811n 4500
=003  TestILS
=004  991011694369703841
=007  ta
=001  221111748240003841
=008  1906060u\\\\0\\\0000ba\\\0\\\\\\
=005  20210520081217.86
=022  \\$a0972-1444
=035  \\$a(OCoLC)1756680
=245  00$aMārg =$bPathway.
=583  \\$acommitted to retain$c20190606$dDecember 31, 2035$fTESTPROGRAM$fTESTPROGRAM Silver$uhttp://localhost/services/testprogram/docs/TESTPROGRAMProgramStatement.pdf
=583  \\$acompleteness reviewed$c20190606$fTESTPROGRAM$fTESTPROGRAM Silver$ivolume level$lmissing volumes$zmissing v.1:1-2(1946), v.3:2-4(1948)-12:2(1959), v.14:3-4(1961)-15:1(1962), v.16:2(1962/1963), v.59:1(2007)
=561  \\$aTESTINST1
=852  0\$aTESTINST1$bHDC$ctestprogram-trust$hN1$i.M46
=866  30$80$a1(1946)-3(1948), 12(1959)-67, no.2 (2015/2016)

