=LDR  00664ny  a22002053n 4500
=001  22819425070003841
=003  TestILS
=004  991020882639703841
=005  20210520081217.86
=007  ta
=008  1505270u\\\\0\\\0001ba\\\0\\\\\\\\\\\\\\
=014  1\$a4975286$bOCoLC
=022  \\$a0120-3584
=035  \\$a(OCoLC)4975286
=035  \\$a(TestILS)c13605598-01asu_inst
=245  00$aDesarrollo y sociedad.
=561  \\$aTESTINST1
=583  \\$acommitted to retain$c20150527$dDecember 31, 2035$fTESTPROGRAM$fTESTPROGRAM Silver$uhttp://localhost/services/testprogram/docs/TESTPROGRAMProgramStatement.pdf
=583  \\$acompleteness reviewed$c20150527$fTESTPROGRAM$fTESTPROGRAM Silver$ivolume-level
=852  0\$aTESTINST1$bHDC$ctestprogram-trust
=866  30$80$ano.1(1979)-56(2005)

