=LDR  00891ny  a22002293n 4500
=001  22823220230003841
=003  TestILS
=004  991007960879703841
=005  20210520081217.50
=007  ta
=008  1305200u\\\\0\\\0001ba\\\0\\\\\\\\\\\\\\
=014  1\$a16315596$bOCoLC
=035  \\$a(OCoLC)16315596
=035  \\$a(TestILS)c13180393-01asu_inst
=245  00$6880-01$aZhong wai hua kan =$bCosmorama.
=561  \\$aTESTINST1
=561  \\$aWAU
=561  \\$aUBY
=583  \\$acommitted to retain$c20130521$dDecember 31, 2035$fTESTPROGRAM$fTESTPROGRAM Gold$uhttp://localhost/services/testprogram/docs/TESTPROGRAMProgramStatement.pdf
=583  \\$acompleteness reviewed$c20130521$fTESTPROGRAM$fTESTPROGRAM Gold$iissue-level$lmissing issues$zmissing issues 445, 449$lmissing images/ads$zissue 428 missing ad
=583  \\$acondition reviewed$c20130521$fTESTPROGRAM$fTESTPROGRAM Gold$iissue-level
=852  0\$aTESTINST1$bHDC$ctestprogram-trust$hAP95.C4$iC567x
=866  30$80$a355(1986)-444(1993), 446(1993)-448(1993), 450(1993)-486(1996)

