=LDR  00880    a2200217 n 4500
=001  22931321490003841
=003  TestILS
=004  991032319259703841
=005  20210520081218.04
=007  ta
=008  1505190u\\\\0\\\0001ba\\\0\\\\\\\\\\\\\\
=014  1\$a10219211$bOCoLC
=022  0\$a0741-8639
=035  \\$a(OCoLC)10219211
=035  \\$a(TestILS)c13604314-01asu_inst
=245  10$aSage.
=561  \\$aTESTINST1
=583  \\$acommitted to retain$c20150519$dDecember 31, 2035$fTESTPROGRAM$fTESTPROGRAM Gold$uhttp://localhost/services/testprogram/docs/TESTPROGRAMProgramStatement.pdf
=583  \\$acompleteness reviewed$c20150519$fTESTPROGRAM$fTESTPROGRAM Gold$iissue-level$lmissing volumes$zmissing vol. 5$lmissing issues$zmissing issues$zmissing vol. 6 issue 2$lReprints$zvol. 4 issue 2 photocopy
=583  \\$acondition reviewed$c20150519$fTESTPROGRAM$fTESTPROGRAM Gold$iissue-level
=852  0\$aTESTINST1$bHDC$ctestprogram-trust
=866  30$80$a1(1984)-4(1987), 6(1989)-9, no.2(1995)

