=LDR  00699    a2200205 n 4500
=001  22847169880003841
=003  TestILS
=004  991040398419703841
=005  20210520081217.55
=007  ta
=008  1505010u\\\\0\\\0001ba\\\0\\\\\\\\\\\\\\
=014  1\$a15798708$bOCoLC
=035  \\$a(OCoLC)15798708
=035  \\$a(TestILS)c13578194-01asu_inst
=245  00$aBulletin of Furman University.$pFaculty studies /$cFurman University.
=561  \\$aTESTINST1
=583  \\$acommitted to retain$c20150501$dDecember 31, 2035$fTESTPROGRAM$fTESTPROGRAM Gold$uhttp://localhost/services/testprogram/docs/TESTPROGRAMProgramStatement.pdf
=583  \\$acompleteness reviewed$c20150501$fTESTPROGRAM$fTESTPROGRAM Gold$iissue-level
=583  \\$acondition reviewed$c20150501$fTESTPROGRAM$fTESTPROGRAM Gold$iissue-level
=852  0\$aTESTINST1$bHDC$ctestprogram-trust
=866  30$80$a27(1944)

