=LDR  00788nx  a22001811n 4500
=003  TestILS
=004  991022900879703841
=007  ta
=001  221114887660003841
=008  1905310u\\\\0\\\0000ba\\\0\\\\\\
=005  20210520081217.76
=022  \\$a0004-2455
=035  \\$a(OCoLC)5838019
=245  10$aArmy.
=583  \\$acommitted to retain$c20190531$dDecember 31, 2035$fTESTPROGRAM$fTESTPROGRAM Silver$uhttp://localhost/services/testprogram/docs/TESTPROGRAMProgramStatement.pdf
=583  \\$acompleteness reviewed$c20190531$fTESTPROGRAM$fTESTPROGRAM Silver$ivolume level$lmissing volumes$zmissing v.12(1961), 36:10(1986), 37:8,10(1987), 38:1(1988), 41:10(1991), 42:4,10(1992), 43:1,10(1993), 53:2(2003), 60:9(2010), 64(2014)-65(2015)
=561  \\$aTESTINST1
=852  0\$aTESTINST1$bHDC$ctestprogram-trust$hU1$i.A893
=866  30$80$a6, no.7(1956)-11(1960/1961), 13(1962/1963)-54(2004)

