=LDR  00591ny  a22001933n 4500
=001  22933873840003841
=003  TestILS
=004  991027120409703841
=005  20210520081217.68
=007  ta
=008  1205030u\\\\0\\\0001ba\\\0\\\\\\\\\\\\\\
=014  1\$a7087002$bOCoLC
=022  \\$a0263-5577$y0007-6929
=035  \\$a(OCoLC)7087002
=035  \\$a(TestILS)c12690582-01asu_inst
=245  00$aIndustrial management + data systems.
=561  \\$aTESTINST1
=583  \\$acommitted to retain$c20120503$dDecember 31, 2035$fTESTPROGRAM$fTESTPROGRAM Bronze$uhttp://localhost/services/testprogram/docs/TESTPROGRAMProgramStatement.pdf
=852  0\$aTESTINST1$bHDC$ctestprogram-trust
=866  30$80$a(1980)-105(2005)

