=LDR  00713    a2200205 n 4500
=001  22884710400003841
=003  TestILS
=004  991027174099703841
=005  20210520081217.80
=007  ta
=008  1405080u\\\\0\\\0001ba\\\0\\\\\\\\\\\\\\
=014  1\$a7605456$bOCoLC
=035  \\$a(OCoLC)7605456
=035  \\$a(TestILS)c13403254-01asu_inst
=245  10$aProceedings of the ... National University Extension Conference.
=561  \\$aTESTINST1
=583  \\$acommitted to retain$c20140508$dDecember 31, 2035$fTESTPROGRAM$fTESTPROGRAM Gold$uhttp://localhost/services/testprogram/docs/TESTPROGRAMProgramStatement.pdf
=583  \\$acompleteness reviewed$c20140508$fTESTPROGRAM$fTESTPROGRAM Gold$iissue-level
=583  \\$acondition reviewed$c20140508$fTESTPROGRAM$fTESTPROGRAM Gold$iissue-level
=852  0\$aTESTINST1$bHDC$ctestprogram-trust$hLC6206$i.N35
=866  30$80$ano.1(1915)

