=LDR  00695nx  a22001931n 4500
=003  TestILS
=004  991014159829703841
=007  ta
=001  221155099560003841
=008  2104185u\\\\0\\\0000ba\\\0\\\\\\
=005  20210520081217.63
=022  \\$a0362-6415
=035  \\$a(OCoLC)2314256
=245  00$aRed River Valley historical review.
=583  \\$acommitted to retain$c20210418$d20351231$fTESTPROGRAM$fTESTPROGRAM Gold$uhttp://localhost/services/testprogram/docs/TESTPROGRAMProgramStatement.pdf
=583  \\$acompleteness reviewed$c20210418$fTESTPROGRAM$fTESTPROGRAM Gold$iissue level$lmissing issues$zmissing v.1(1974)-2(1975)
=583  \\$acondition reviewed$c20210418$fTESTPROGRAM$fTESTPROGRAM Gold$iissue level
=561  \\$aTESTINST1
=852  0\$aTESTINST1$bHDC$ctestprogram-trust$hF591$i.R417
=866  30$80$a3(1978)-7(1982)

