=LDR  00498ny  a22001693n 4500
=003  TestILS
=004  991011783079703841
=005  20210520081217.97
=001  221156768930003841
=007  ta
=008  2011130u\\\\0\\\0000ba\\\0\\\\\\
=022  \\$a0022-2801
=035  \\$a(OCoLC)1782294
=245  04$aThe Journal of modern history.
=561  \\$aTESTINST1
=583  \\$acommitted to retain$c20201113$d20351231$fTESTPROGRAM$fTESTPROGRAM Bronze$uhttp://localhost/services/testprogram/docs/TESTPROGRAMProgramStatement.pdf
=852  0\$aTESTINST1$bHDC$ctestprogram-trust$hD1$i.J6
=866  30$80$a1(1929)-83(2011)

