=LDR  00775ny  a22002053n 4500
=001  22873525580003841
=003  TestILS
=004  991046583779703841
=005  20210520081217.74
=007  ta
=008  1305300u\\\\0\\\0001ba\\\0\\\\\\\\\\\\\\
=014  1\$a50698625$bOCoLC
=022  \\$a1424-8581
=035  \\$a(OCoLC)50698625
=035  \\$a(TestILS)c13181518-01asu_inst
=245  00$aCytogenetic and genome research.
=561  \\$aTESTINST1
=583  \\$acommitted to retain$c20130530$dDecember 31, 2035$fTESTPROGRAM$fTESTPROGRAM Silver$uhttp://localhost/services/testprogram/docs/TESTPROGRAMProgramStatement.pdf
=583  \\$acompleteness reviewed$c20130530$fTESTPROGRAM$fTESTPROGRAM Silver$ivolume-level$lbinding patterns vary$zfor volumes 96-97, 106-107, two volumes bound together as single piece
=852  0\$aTESTINST1$bHDC$ctestprogram-trust$hQH431.A1$iC9x
=866  30$80$a96(2002)-111(2005)

