=LDR  00732nx  a22001931n 4500
=003  TestILS
=004  991011433519703841
=007  ta
=001  221147859500003841
=008  2006255u\\\\0\\\0000ba\\\0\\\\\\
=005  20210520081217.70
=022  \\$a0072-8225
=035  \\$a(OCoLC)1325382
=245  00$aGuide to American educational directories.
=583  \\$acommitted to retain$c20200630$dDecember 31, 2035$fTESTPROGRAM$fTESTPROGRAM Gold$uhttp://localhost/services/testprogram/docs/TESTPROGRAMProgramStatement.pdf
=583  \\$acompleteness reviewed$c20200630$fTESTPROGRAM$fTESTPROGRAM Gold$iissue level$lmissing issues$zmissing no.7(1991)-11(2007), 13(2009)+
=583  \\$acondition reviewed$c20200630$fTESTPROGRAM$fTESTPROGRAM Gold$iissue level
=561  \\$aTESTINST1
=852  0\$aTESTINST1$bHDC$ctestprogram-trust$hL901$i.G834x
=866  30$80$ano. 1(1963)-6(1990), 12(2008)

