=LDR  00686ny  a22002173n 4500
=001  22903704710003841
=003  TestILS
=004  991022880779703841
=005  20210520081218.14
=007  ta
=008  1305240u\\\\0\\\0001ba\\\0\\\\\\\\\\\\\\
=014  1\$a5577845$bOCoLC
=022  0\$a0021-9444
=035  \\$a(OCoLC)5577845
=035  \\$a(TestILS)c13181063-01asu_inst
=245  04$aThe Journal of business education.
=561  \\$aTESTINST1
=561  \\$aORE
=583  \\$acommitted to retain$c20130528$dDecember 31, 2035$fTESTPROGRAM$fTESTPROGRAM Silver$uhttp://localhost/services/testprogram/docs/TESTPROGRAMProgramStatement.pdf
=583  \\$acompleteness reviewed$c20130528$fTESTPROGRAM$fTESTPROGRAM Silver$ivolume-level
=852  0\$aTESTINST1$bHDC$ctestprogram-trust
=866  30$80$a2(1929)-60(1984/1985)

