=LDR  00701ny  a22002293n 4500
=001  22939954380003841
=003  TestILS
=004  991025105869703841
=005  20210520081217.41
=007  ta
=008  1206260u\\\\0\\\0001ba\\\0\\\\\\\\\\\\\\
=014  1\$a6497852$bOCoLC
=022  0\$a0270-7993
=035  \\$a(OCoLC)6497852
=035  \\$a(TestILS)c12807011-01asu_inst
=245  00$aWoman's art journal.
=561  \\$aTESTINST1
=561  \\$aCDS
=561  \\$aCUS
=583  \\$acommitted to retain$c20120626$dDecember 31, 2035$fTESTPROGRAM$fTESTPROGRAM Silver$uhttp://localhost/services/testprogram/docs/TESTPROGRAMProgramStatement.pdf
=583  \\$acompleteness reviewed$c20120626$fTESTPROGRAM$fTESTPROGRAM Silver$ivolume-level
=852  0\$aTESTINST1$bHDC$ctestprogram-trust
=866  30$80$a1(1980)-26(2006)

