=LDR  00769ny  a22002053n 4500
=001  22903078830003841
=003  TestILS
=004  991011609629703841
=005  20210520081217.90
=007  ta
=008  1205210u\\\\0\\\0001ba\\\0\\\\\\\\\\\\\\
=014  1\$a1639704$bOCoLC
=022  \\$a0018-702X
=035  \\$a(OCoLC)1639704
=035  \\$a(TestILS)c12790412-01asu_inst
=245  04$aThe Hudson review.
=561  \\$aTESTINST1
=583  \\$acommitted to retain$c20120521$dDecember 31, 2035$fTESTPROGRAM$fTESTPROGRAM Silver$uhttp://localhost/services/testprogram/docs/TESTPROGRAMProgramStatement.pdf
=583  \\$acompleteness reviewed$c20120521$fTESTPROGRAM$fTESTPROGRAM Silver$ivolume-level$lbinding patterns vary$zvol. 56-58, issues 1-2, 3-4 bound as separate items.$lreprints$zvol. 4:1-3 reprints
=852  0\$aTESTINST1$bHDC$ctestprogram-trust
=866  30$80$a1(1948)-58(2006)

