=LDR  00647ny  a22001933n 4500
=001  22969305550003841
=003  TestILS
=004  991020812519703841
=005  20210520081217.83
=007  ta
=008  1505220u\\\\0\\\0001ba\\\0\\\\\\\\\\\\\\
=014  1\$a4276850$bOCoLC
=035  \\$a(OCoLC)4276850
=035  \\$a(TestILS)c13605069-01asu_inst
=245  10$aBest's insurance news.
=561  \\$aTESTINST1
=583  \\$acommitted to retain$c20150522$dDecember 31, 2035$fTESTPROGRAM$fTESTPROGRAM Silver$uhttp://localhost/services/testprogram/docs/TESTPROGRAMProgramStatement.pdf
=583  \\$acompleteness reviewed$c20150522$fTESTPROGRAM$fTESTPROGRAM Silver$ivolume-level
=852  0\$aTESTINST1$bHDC$ctestprogram-trust
=866  30$80$a68, no. 12 - 69, no. 8(1968)

