=LDR  00706ny  a22002173n 4500
=001  22820958290003841
=003  TestILS
=004  991008733519703841
=005  20210520081217.52
=007  ta
=008  1206200u\\\\0\\\0001ba\\\0\\\\\\\\\\\\\\
=014  1\$a1000070$bOCoLC
=022  0\$a0002-7359$l0002-7359
=035  \\$a(OCoLC)1000070
=035  \\$a(TestILS)c12806055-01asu_inst
=245  14$aThe American Art Journal.
=561  \\$aTESTINST1
=561  \\$aOWS
=583  \\$acommitted to retain$c20120620$dDecember 31, 2035$fTESTPROGRAM$fTESTPROGRAM Silver$uhttp://localhost/services/testprogram/docs/TESTPROGRAMProgramStatement.pdf
=583  \\$acompleteness reviewed$c20120620$fTESTPROGRAM$fTESTPROGRAM Silver$ivolume-level
=852  0\$aTESTINST1$bHDC$ctestprogram-trust$hN6505$i.A618
=866  30$80$a1(1969)-35(2004)

