=LDR  00701ny  a22002293n 4500
=001  22818367590003841
=003  TestILS
=004  991011740449703841
=005  20210520081217.48
=007  ta
=008  1306110u\\\\0\\\0001ba\\\0\\\\\\\\\\\\\\
=014  1\$a1766713$bOCoLC
=022  0\$a0039-3541
=035  \\$a(OCoLC)1766713
=035  \\$a(TestILS)c13184453-01asu_inst
=245  00$aStudies in art education.
=561  \\$aTESTINST1
=561  \\$aUUS
=561  \\$aUUM
=583  \\$acommitted to retain$c20130611$dDecember 31, 2035$fTESTPROGRAM$fTESTPROGRAM Silver$uhttp://localhost/services/testprogram/docs/TESTPROGRAMProgramStatement.pdf
=583  \\$acompleteness reviewed$c20130611$fTESTPROGRAM$fTESTPROGRAM Silver$ivolume-level
=852  0\$aTESTINST1$bHDC$ctestprogram-trust
=866  30$80$a1(1959)-47(2006)

