=LDR  00682ny  a22002173n 4500
=001  22924148230003841
=003  TestILS
=004  991020880139703841
=005  20210520081217.86
=007  ta
=008  1404160u\\\\0\\\0001ba\\\0\\\\\\\\\\\\\\
=014  1\$a4953658$bOCoLC
=022  \\$a0146-3802
=035  \\$a(OCoLC)4953658
=035  \\$a(TestILS)c13382512-01asu_inst
=245  00$aJournal of milk and food technology :$bofficial bimonthly publication of the International Association of Milk Sanitarians.
=561  \\$aTESTINST1
=561  \\$aNTD
=583  \\$acommitted to retain$c20140416$dDecember 31, 2035$fTESTPROGRAM$fTESTPROGRAM Silver$uhttp://localhost/services/testprogram/docs/TESTPROGRAMProgramStatement.pdf
=583  \\$acompleteness reviewed$c20140416$fTESTPROGRAM$fTESTPROGRAM Silver$ivolume-level
=852  0\$aTESTINST1$bHDC$ctestprogram-trust
=866  30$80$a10(1947)-39(1976)

