=LDR  00674nx  a22001811n 4500
=003  TestILS
=004  991033905049703841
=007  ta
=001  221148329850003841
=008  2006305u\\\\0\\\0000ba\\\0\\\\\\
=005  20210520081218.01
=035  \\$a(OCoLC)11526139
=245  00$aIsis International women's journal.
=583  \\$acommitted to retain$c20200630$dDecember 31, 2035$fTESTPROGRAM$fTESTPROGRAM Gold$uhttp://localhost/services/testprogram/docs/TESTPROGRAMProgramStatement.pdf
=583  \\$acompleteness reviewed$c20200630$fTESTPROGRAM$fTESTPROGRAM Gold$iissue level$lmissing issues$zmissing no.5-6
=583  \\$acondition reviewed$c20200630$fTESTPROGRAM$fTESTPROGRAM Gold$iissue level
=561  \\$aTESTINST1
=852  0\$aTESTINST1$bHDC$ctestprogram-trust$hHQ1101$i.I86x
=866  30$80$ano. 1(1984)-4(1985)

