=LDR  00616nx  a22001691n 4500
=003  TestILS
=004  991011780719703841
=007  ta
=001  221059128450003841
=008  1803070u\\\\0\\\0000ba\\\0\\\\\\
=005  20210520081217.57
=035  \\$a(OCoLC)1781685
=245  10$aConsumers Union reports.
=583  \\$acommitted to retain$c20180406$dDecember 31, 2035$fTESTPROGRAM$fTESTPROGRAM Silver$uhttp://localhost/services/testprogram/docs/TESTPROGRAMProgramStatement.pdf
=583  \\$acompleteness reviewed$c20180406$fTESTPROGRAM$fTESTPROGRAM Silver$ivolume level$lmissing volumes$zmissing dec issue of v.5-6
=561  \\$aTESTINST1
=852  0\$aTESTINST1$bHDC$ctestprogram-trust$hTX335.A1 C6
=866  30$80$a1(1936)-7, no.5(1942)

