=LDR  00629nx  a22001811n 4500
=003  TestILS
=004  991027175049703841
=007  ta
=001  221114405640003841
=008  1908080u\\\\0\\\0000ba\\\0\\\\\\
=005  20210520081217.80
=022  \\$a0256-6877
=035  \\$a(OCoLC)7621785
=245  10$aWorld economic outlook.
=583  \\$acommitted to retain$c20190808$dDecember 31, 2035$fTESTPROGRAM$fTESTPROGRAM Silver$uhttp://localhost/services/testprogram/docs/TESTPROGRAMProgramStatement.pdf
=583  \\$acompleteness reviewed$c20190808$fTESTPROGRAM$fTESTPROGRAM Silver$ivolume level$lmissing volumes$zmissing (2010)-(2015)
=561  \\$aTESTINST1
=852  0\$aTESTINST1$bHDC$ctestprogram-trust$hHC10$i.W64x
=866  30$80$a(1980)-(2009)

