=LDR  01062    a2200241 n 4500
=001  22953045170003841
=003  TestILS
=004  991047037739703841
=005  20210520081217.39
=007  ta
=008  1305300u\\\\0\\\0001ba\\\0\\\\\\\\\\\\\\
=014  1\$a9319579$bOCoLC
=022  \\$a0389-4037$l0389-4037
=035  \\$a(OCoLC)9319579
=035  \\$a(TestILS)c13181762-01asu_inst
=245  00$6880-02$aNihongo kyōiku.
=561  \\$aTESTINST1
=561  \\$aWAU
=561  \\$aORZ
=583  \\$acommitted to retain$c20130530$dDecember 31, 2035$fTESTPROGRAM$fTESTPROGRAM Gold$uhttp://localhost/services/testprogram/docs/TESTPROGRAMProgramStatement.pdf
=583  \\$acompleteness reviewed$c20130530$fTESTPROGRAM$fTESTPROGRAM Gold$iissue-level$lmissing issues$zmissing issues 1-8, 11-12, 14-24, 38, 46, 48, 87, 108, 120-125$lmissing images/advertisements$zissue 10 missing advertisements
=583  \\$acondition reviewed$c20130530$fTESTPROGRAM$fTESTPROGRAM Gold$iissue-level
=852  0\$aTESTINST1$bHDC$ctestprogram-trust$hPL539.3$i.N27
=866  30$80$ano.9(1966)-10(1967), 13(1969), 25(1974)-37(1979), 39(1979)-45(1981), 47(1982), 49(1983)-86(1995), 88(1996)-107(2000), 109(2001)-119(2003)

