=LDR  01099nx  a22002051n 4500
=003  TestILS
=004  991011707229703841
=007  ta
=001  221065252090003841
=008  1805040u\\\\0\\\0000ba\\\0\\\\\\
=005  20210520081217.87
=022  \\$a0028-9604
=035  \\$a(OCoLC)1760328
=245  00$aNewsweek.
=583  \\$acommitted to retain$c20180504$dDecember 31, 2035$fTESTPROGRAM$fTESTPROGRAM Silver$uhttp://localhost/services/testprogram/docs/TESTPROGRAMProgramStatement.pdf
=583  \\$acompleteness reviewed$c20180504$fTESTPROGRAM$fTESTPROGRAM Silver$ivolume level$lmissing volumes$zmissing v.1, v.26, v.61:APR-JUN; v.64:oct-dec, 68:oct-dec; 71:apr-jun; 72:jul-sep; 74:jul-sep; v.75:15-26(mar-jun 1969); v.83:jan-mar; v.84:oct-dec; v.91:17; v.93:14-26(mar-jun 1979); v.95:1-13(Jan-Mar 1980); v.96(oct-dec); v.102:1-13; v.104:19-26; v.105:2,13-14; v.106:1-14; v.107:1-13; v.119:18-19; v.122:23; v.125:1,3-4; v.139-146
=561  \\$aTESTINST1
=561  \\$aCSJ
=852  0\$aTESTINST1$bHDC$ctestprogram-trust$hAP2$i.N6772
=866  30$80$a2(1933)-17(1941), 19(1942)-25(1945), 27(1946)-47(1956), 49(1957)-138(2001)
=867  30$80$a116(1990), 118(1991), 129-130(1997), 136(2000), 138(2001)

