=LDR  00661ny  a22002053n 4500
=001  22818966380003841
=003  TestILS
=004  991028903929703841
=005  20210520081218.19
=007  ta
=008  1306130u\\\\0\\\0001ba\\\0\\\\\\\\\\\\\\
=014  1\$a8292873$bOCoLC
=022  0\$a0739-5639
=035  \\$a(OCoLC)8292873
=035  \\$a(TestILS)c13185470-01asu_inst
=245  04$aThe bulletin of historical research in music education.
=561  \\$aTESTINST1
=583  \\$acommitted to retain$c20130613$dDecember 31, 2035$fTESTPROGRAM$fTESTPROGRAM Silver$uhttp://localhost/services/testprogram/docs/TESTPROGRAMProgramStatement.pdf
=583  \\$acompleteness reviewed$c20130613$fTESTPROGRAM$fTESTPROGRAM Silver$ivolume-level
=852  0\$aTESTINST1$bHDC$ctestprogram-trust
=866  30$80$a1(1980)-20(1999)

