=LDR  00595nx  a22001811n 4500
=003  TestILS
=004  991018868139703841
=007  ta
=001  221041625180003841
=008  1709120u\\\\0\\\0000ba\\\0\\\\\\
=005  20210520081217.72
=022  \\$a0706-2168
=035  \\$a(OCoLC)4174172
=245  00$aCanadian geographic.
=583  \\$acommitted to retain$c20170912$dDecember 31, 2035$fTESTPROGRAM$fTESTPROGRAM Silver$uhttp://localhost/services/testprogram/docs/TESTPROGRAMProgramStatement.pdf
=583  \\$acompleteness reviewed$c20170912$fTESTPROGRAM$fTESTPROGRAM Silver$iissue-level
=561  \\$aTESTINST1
=852  0\$aTESTINST1$bHDC$ctestprogram-trust$hG1$i.C3
=866  30$80$a96, no.4(1978)-125(2005)

