=LDR  00731    a2200217 n 4500
=001  22880048890003841
=003  TestILS
=004  991011898809703841
=005  20210520081217.67
=007  ta
=008  1605010u\\\\0\\\0001ba\\\0\\\\\\\\\\\\\\
=014  1\$a2242565$bOCoLC
=022  \\$a0098-9053
=035  \\$a(OCoLC)2242565
=035  \\$a(TestILS)c13785540-01asu_inst
=245  00$aLinguistic analysis.
=561  \\$aTESTINST1
=583  \\$acommitted to retain$c20160501$dDecember 31, 2035$fTESTPROGRAM$fTESTPROGRAM Gold$uhttp://localhost/services/testprogram/docs/TESTPROGRAMProgramStatement.pdf
=583  \\$acompleteness reviewed$c20160501$fTESTPROGRAM$fTESTPROGRAM Gold$iissue-level
=583  \\$acondition reviewed$c20160501$fTESTPROGRAM$fTESTPROGRAM Gold$iissue-level
=852  0\$aTESTINST1$bHDC$ctestprogram-trust
=866  30$80$a1(1975)-35(2005)

