=LDR  00832    a2200217 n 4500
=001  22888059530003841
=003  TestILS
=004  991011895929703841
=005  20210520081217.67
=007  ta
=008  1405150u\\\\0\\\0001ba\\\0\\\\\\\\\\\\\\
=014  1\$a2241518$bOCoLC
=022  0\$a0099-1112
=035  \\$a(OCoLC)2241518
=035  \\$a(TestILS)c13404222-01asu_inst
=245  00$aPhotogrammetric engineering and remote sensing.
=561  \\$aTESTINST1
=583  \\$acommitted to retain$c20140515$dDecember 31, 2035$fTESTPROGRAM$fTESTPROGRAM Gold$uhttp://localhost/services/testprogram/docs/TESTPROGRAMProgramStatement.pdf
=583  \\$acompleteness reviewed$c20140515$fTESTPROGRAM$fTESTPROGRAM Gold$iissue-level
=583  \\$acondition reviewed$c20140515$fTESTPROGRAM$fTESTPROGRAM Gold$iissue-level$lloose pages$zloose pages v.52 issue 4 & v.62 issue 8$lmissing pages$zmissing pages vol. 50 issue 7
=852  0\$aTESTINST1$bHDC$ctestprogram-trust
=866  30$80$a41(1975)-71(2005)

