=LDR  00642nx  a22001811n 4500
=003  TestILS
=004  991046011659703841
=007  ta
=001  221111809220003841
=008  1906100u\\\\0\\\0000ba\\\0\\\\\\
=005  20210520081217.73
=022  \\$a0093-5107
=035  \\$a(OCoLC)48491477
=245  00$aReal estate taxation :$bRE.
=583  \\$acommitted to retain$c20190610$dDecember 31, 2035$fTESTPROGRAM$fTESTPROGRAM Silver$uhttp://localhost/services/testprogram/docs/TESTPROGRAMProgramStatement.pdf
=583  \\$acompleteness reviewed$c20190610$fTESTPROGRAM$fTESTPROGRAM Silver$ivolume level$lmissing volumes$zmissing v.35:1 (2008)
=561  \\$aTESTINST1
=852  0\$aTESTINST1$bHDC$ctestprogram-trust$hHJ4181.A1$iJ68
=866  30$80$a29(2001/2002)-35(2008)

