=LDR  00735    a2200217 n 4500
=001  22865006950003841
=003  TestILS
=004  991045075319703841
=005  20210520081218.06
=007  ta
=008  1605010u\\\\0\\\0001ba\\\0\\\\\\\\\\\\\\
=014  1\$a35747531$bOCoLC
=022  \\$a1221-8421
=035  \\$a(OCoLC)35747531
=035  \\$a(TestILS)c13792738-01asu_inst
=245  00$aAnalele științifice ale Universității "Al. I. Cuza" din Iași.$pMatematică.
=561  \\$aTESTINST1
=583  \\$acommitted to retain$c20160501$dDecember 31, 2035$fTESTPROGRAM$fTESTPROGRAM Gold$uhttp://localhost/services/testprogram/docs/TESTPROGRAMProgramStatement.pdf
=583  \\$acompleteness reviewed$c20160501$fTESTPROGRAM$fTESTPROGRAM Gold$iissue-level
=583  \\$acondition reviewed$c20160501$fTESTPROGRAM$fTESTPROGRAM Gold$iissue-level
=852  0\$aTESTINST1$bHDC$ctestprogram-trust
=866  30$80$a41(1995)-51(2005)

