=LDR  00574nx  a22001691n 4500
=003  TestILS
=004  991022244579703841
=007  ta
=001  221057478630003841
=008  1803070u\\\\0\\\0000ba\\\0\\\\\\
=005  20210520081217.36
=035  \\$a(OCoLC)8290765
=245  00$aSaul Bellow newsletter.
=583  \\$acommitted to retain$c20180307$dDecember 31, 2035$fTESTPROGRAM$fTESTPROGRAM Silver$uhttp://localhost/services/testprogram/docs/TESTPROGRAMProgramStatement.pdf
=583  \\$acompleteness reviewed$c20180307$fTESTPROGRAM$fTESTPROGRAM Silver$ivolume level
=561  \\$aTESTINST1
=852  0\$aTESTINST1$bHDC$ctestprogram-trust$hPS 3503 .E4488$iZ8475x
=866  30$80$a1, no.1(1981)

