=LDR  00599nx  a22001811n 4500
=003  TestILS
=004  991011823659703841
=007  ta
=001  221058862430003841
=008  1803070u\\\\0\\\0000ba\\\0\\\\\\
=005  20210520081217.74
=022  \\$a0015-4652
=035  \\$a(OCoLC)1794329
=245  00$aFluid power international.
=583  \\$acommitted to retain$c20180406$dDecember 31, 2035$fTESTPROGRAM$fTESTPROGRAM Silver$uhttp://localhost/services/testprogram/docs/TESTPROGRAMProgramStatement.pdf
=583  \\$acompleteness reviewed$c20180406$fTESTPROGRAM$fTESTPROGRAM Silver$ivolume level
=561  \\$aTESTINST1
=852  0\$aTESTINST1$bHDC$ctestprogram-trust$hTJ981 .C685
=866  30$80$a27(1962)-39, no.7(1974)

