=LDR  00742    a2200217 n 4500
=001  22953389940003841
=003  TestILS
=004  991020815059703841
=005  20210520081217.84
=007  ta
=008  1705010u\\\\0\\\0001ba\\\0\\\\\\\\\\\\\\
=014  1\$a4298228$bOCoLC
=022  \\$a0046-337X
=035  \\$a(OCoLC)4298228
=035  \\$a(TestILS)c1412368x-01asu_inst
=245  00$aFauna.
=561  \\$aTESTINST1
=583  \\$acommitted to retain$c20170501$dDecember 31, 2035$fTESTPROGRAM$fTESTPROGRAM Gold$uhttp://localhost/services/testprogram/docs/TESTPROGRAMProgramStatement.pdf
=583  \\$acompleteness reviewed$c20170501$fTESTPROGRAM$fTESTPROGRAM Gold$iissue-level
=583  \\$acondition reviewed$c20170501$fTESTPROGRAM$fTESTPROGRAM Gold$iissue-level
=852  0\$aTESTINST1$bHDC$ctestprogram-trust$hQL1$i.F37x
=866  30$80$a1(1971)-4(1972)

