=LDR  00679nx  a22001811n 4500
=003  TestILS
=004  991042421379703841
=007  ta
=001  221132129930003841
=008  1912315u\\\\0\\\0000ba\\\0\\\\\\
=005  20210520081217.51
=035  \\$a(OCoLC)20985897
=245  00$aBiotech buyers' guide /$cAmerican Chemical Society.
=583  \\$acommitted to retain$c20191231$dDecember 31, 2035$fTESTPROGRAM$fTESTPROGRAM Gold$uhttp://localhost/services/testprogram/docs/TESTPROGRAMProgramStatement.pdf
=583  \\$acompleteness reviewed$c20191231$fTESTPROGRAM$fTESTPROGRAM Gold$iissue level$lmissing issues$zmissing 1(1990)-4(1993)
=583  \\$acondition reviewed$c20191231$fTESTPROGRAM$fTESTPROGRAM Gold$iissue level
=561  \\$aTESTINST1
=852  0\$aTESTINST1$bHDC$ctestprogram-trust$hHD9999.B44$iB56x
=866  30$80$a5(1994/1995)

