=LDR  00580ny  a22001933n 4500
=001  22841981420003841
=003  TestILS
=004  991030591309703841
=005  20210520081217.57
=007  ta
=008  1205040u\\\\0\\\0001ba\\\0\\\\\\\\\\\\\\
=014  1\$a9492250$bOCoLC
=022  0\$a0263-7855
=035  \\$a(OCoLC)9492250
=035  \\$a(TestILS)c12690752-01asu_inst
=245  00$aJournal of molecular graphics.
=561  \\$aTESTINST1
=583  \\$acommitted to retain$c20120403$dDecember 31, 2035$fTESTPROGRAM$fTESTPROGRAM Bronze$uhttp://localhost/services/testprogram/docs/TESTPROGRAMProgramStatement.pdf
=852  0\$aTESTINST1$bHDC$ctestprogram-trust
=866  30$80$a1(1983)-14(1996)

