=LDR  00683nx  a22001931n 4500
=003  TestILS
=004  991016981249703841
=007  ta
=001  221153822820003841
=008  2105125u\\\\0\\\0000ba\\\0\\\\\\
=005  20210520081218.18
=022  \\$a0010-0447
=035  \\$a(OCoLC)1555020
=245  04$aThe Coin collector's journal.
=583  \\$acommitted to retain$c20210512$d20351231$fTESTPROGRAM$fTESTPROGRAM Gold$uhttp://localhost/services/testprogram/docs/TESTPROGRAMProgramStatement.pdf
=583  \\$acompleteness reviewed$c20210512$fTESTPROGRAM$fTESTPROGRAM Gold$iissue level
=583  \\$acondition reviewed$c20210512$fTESTPROGRAM$fTESTPROGRAM Gold$iissue level$lmarginalia$zv.1(1875)-13(1888)
=561  \\$aTESTINST1
=852  0\$aTESTINST1$bHDC$ctestprogram-trust$hCJ1$i.C55
=866  30$80$a1(1875)-13(1888)

