=LDR  00699    a2200205 n 4500
=001  22827575060003841
=003  TestILS
=004  991047215649703841
=005  20210520081217.39
=007  ta
=008  1505220u\\\\0\\\0001ba\\\0\\\\\\\\\\\\\\
=014  1\$a8351371$bOCoLC
=035  \\$a(OCoLC)8351371
=035  \\$a(TestILS)c13604880-01asu_inst
=245  00$aGAP symposium /$cGroup for the Advancement of Psychiatry.
=561  \\$aTESTINST1
=583  \\$acommitted to retain$c20150522$dDecember 31, 2035$fTESTPROGRAM$fTESTPROGRAM Gold$uhttp://localhost/services/testprogram/docs/TESTPROGRAMProgramStatement.pdf
=583  \\$acompleteness reviewed$c20150522$fTESTPROGRAM$fTESTPROGRAM Gold$iissue-level
=583  \\$acondition reviewed$c20150522$fTESTPROGRAM$fTESTPROGRAM Gold$iissue-level
=852  0\$aTESTINST1$bHDC$ctestprogram-trust
=866  30$80$ano.1(1954)

