=LDR  00657nx  a22001931n 4500
=003  TestILS
=004  991041198549703841
=007  ta
=001  221134608800003841
=008  1912315u\\\\0\\\0000ba\\\0\\\\\\
=005  20210520081217.58
=022  \\$a1040-9351
=035  \\$a(OCoLC)18580080
=245  00$aGale international directory of publications.
=583  \\$acommitted to retain$c20191231$dDecember 31, 2035$fTESTPROGRAM$fTESTPROGRAM Gold$uhttp://localhost/services/testprogram/docs/TESTPROGRAMProgramStatement.pdf
=583  \\$acompleteness reviewed$c20191231$fTESTPROGRAM$fTESTPROGRAM Gold$iissue level
=583  \\$acondition reviewed$c20191231$fTESTPROGRAM$fTESTPROGRAM Gold$iissue level
=561  \\$aTESTINST1
=852  0\$aTESTINST1$bHDC$ctestprogram-trust$hPN4832$i.G3x
=866  30$80$a(1989/90)

