=LDR  00753    a2200205 n 4500
=001  22850507980003841
=003  TestILS
=004  991031227059703841
=005  20210520081217.58
=007  ta
=008  1605200u\\\\0\\\0001ba\\\0\\\\\\\\\\\\\\
=014  1\$a2232603$bOCoLC
=035  \\$a(OCoLC)2232603
=035  \\$a(TestILS)c13794711-01asu_inst
=245  00$aExternal affairs review.
=561  \\$aORZ
=583  \\$acommitted to retain$c20160520$dDecember 31, 2035$fTESTPROGRAM$fTESTPROGRAM Gold$uhttp://localhost/services/testprogram/docs/TESTPROGRAMProgramStatement.pdf
=583  \\$acompleteness reviewed$c20160520$fTESTPROGRAM$fTESTPROGRAM Gold$iissue-level$lmissing volumes$zmissing v.1-14
=583  \\$acondition reviewed$c20160520$fTESTPROGRAM$fTESTPROGRAM Gold$iissue-level
=852  0\$aTESTINST1$bHDC$ctestprogram-trust$hJX1591$i.A35
=866  30$80$a15(1965)-19(1969)

