=LDR  00691nx  a22001931n 4500
=003  TestILS
=004  991022911079703841
=007  ta
=001  221134227120003841
=008  1912315u\\\\0\\\0000ba\\\0\\\\\\
=005  20210520081217.76
=022  \\$a0197-0771
=035  \\$a(OCoLC)5958726
=245  00$aCampaigns & elections.
=583  \\$acommitted to retain$c20191231$dDecember 31, 2035$fTESTPROGRAM$fTESTPROGRAM Gold$uhttp://localhost/services/testprogram/docs/TESTPROGRAMProgramStatement.pdf
=583  \\$acompleteness reviewed$c20191231$fTESTPROGRAM$fTESTPROGRAM Gold$iissue level$lmissing issues$zmissing
=583  \\$acondition reviewed$c20191231$fTESTPROGRAM$fTESTPROGRAM Gold$iissue level
=561  \\$aTESTINST1
=852  0\$aTESTINST1$bHDC$ctestprogram-trust$hJK1976$i.C33
=866  30$80$a3(1982/83)-28(2007)

