=LDR  00702nx  a22001931n 4500
=003  TestILS
=004  991041196599703841
=007  ta
=001  221122167440003841
=008  1908165u\\\\0\\\0000ba\\\0\\\\\\
=005  20210520081217.58
=022  \\$a1040-6395
=035  \\$a(OCoLC)18477525
=245  00$aDun's directory of service companies.
=583  \\$acommitted to retain$c20190823$dDecember 31, 2035$fTESTPROGRAM$fTESTPROGRAM Gold$uhttp://localhost/services/testprogram/docs/TESTPROGRAMProgramStatement.pdf
=583  \\$acompleteness reviewed$c20190823$fTESTPROGRAM$fTESTPROGRAM Gold$iissue level$lmissing issues$zmissing (1987)-(1992)
=583  \\$acondition reviewed$c20190823$fTESTPROGRAM$fTESTPROGRAM Gold$iissue level
=561  \\$aTESTINST1
=852  0\$aTESTINST1$bHDC$ctestprogram-trust$hHD9981.3$i.D86
=866  30$80$a(1989)-(1997)

