=LDR  00721ny  a22002173n 4500
=001  22886527270003841
=003  TestILS
=004  991018848659703841
=005  20210520081217.72
=007  ta
=008  1306120u\\\\0\\\0001ba\\\0\\\\\\\\\\\\\\
=014  1\$a3948551$bOCoLC
=022  0\$a0191-4847
=035  \\$a(OCoLC)3948551
=035  \\$a(TestILS)c13184921-01asu_inst
=245  10$aRadical teacher.
=561  \\$aTESTINST1
=561  \\$aSTA
=583  \\$acommitted to retain$c20130612$dDecember 31, 2035$fTESTPROGRAM$fTESTPROGRAM Silver$uhttp://localhost/services/testprogram/docs/TESTPROGRAMProgramStatement.pdf
=583  \\$acompleteness reviewed$c20130612$fTESTPROGRAM$fTESTPROGRAM Silver$ivolume-level$lmissing volumes$zmissing nos. 1-16
=852  0\$aTESTINST1$bHDC$ctestprogram-trust
=866  30$80$ano.17(1980)-78(2007)

