=LDR  00691nx  a22001811n 4500
=003  TestILS
=004  991021109719703841
=007  ta
=001  221134372590003841
=008  1912315u\\\\0\\\0000ba\\\0\\\\\\
=005  20210520081217.36
=035  \\$a(OCoLC)34489265
=245  10$aDirectory of designated members /$cAppraisal Institute.
=583  \\$acommitted to retain$c20191231$dDecember 31, 2035$fTESTPROGRAM$fTESTPROGRAM Gold$uhttp://localhost/services/testprogram/docs/TESTPROGRAMProgramStatement.pdf
=583  \\$acompleteness reviewed$c20191231$fTESTPROGRAM$fTESTPROGRAM Gold$iissue level$lmissing issues$zmissing (1997)-(1998), (2000)-(2001)
=583  \\$acondition reviewed$c20191231$fTESTPROGRAM$fTESTPROGRAM Gold$iissue level
=561  \\$aTESTINST1
=852  0\$aTESTINST1$bHDC$ctestprogram-trust$hHD251$i.A477x
=866  30$80$a(1996), (1999)

