=LDR  00763nx  a22001811n 4500
=003  TestILS
=004  991011705539703841
=007  ta
=001  221059123650003841
=008  1804230u\\\\0\\\0000ba\\\0\\\\\\
=005  20210520081217.87
=022  \\$a0028-6583
=035  \\$a(OCoLC)1759945
=245  14$aThe new republic.
=583  \\$acommitted to retain$c20180423$dDecember 31, 2035$fTESTPROGRAM$fTESTPROGRAM Silver$uhttp://localhost/services/testprogram/docs/TESTPROGRAMProgramStatement.pdf
=583  \\$acompleteness reviewed$c20180423$fTESTPROGRAM$fTESTPROGRAM Silver$ivolume level$lmissing volumes$zmissing  v.189:3-4,12-14; v.199:1; v.201:14-23; .202:14-26; V.207:1; V.208:23; v.210:6; v.211:24; v.214:9,12,22-25; v/215:6; v.226-233
=561  \\$aTESTINST1
=852  0\$aTESTINST1$bHDC$ctestprogram-trust$hAP2 .N624
=866  30$80$a9(1916)-77(1934), 79(1934)-225(2001)

