=LDR  00696nx  a22001811n 4500
=003  TestILS
=004  991011742959703841
=007  ta
=001  221106589940003841
=008  1905150u\\\\0\\\0000ba\\\0\\\\\\
=005  20210520081217.48
=022  \\$a0040-4446
=035  \\$a(OCoLC)1767360
=245  00$aTexas library journal.
=583  \\$acommitted to retain$c20190515$dDecember 31, 2035$fTESTPROGRAM$fTESTPROGRAM Silver$uhttp://localhost/services/testprogram/docs/TESTPROGRAMProgramStatement.pdf
=583  \\$acompleteness reviewed$c20190515$fTESTPROGRAM$fTESTPROGRAM Silver$ivolume level$lmissing volumes$zmissing v.26:2(1950), v.30:2,4(1954), v.31:1(1955), v.32:1(1956), v.35(1959)-36(1960)
=561  \\$aTESTINST1
=852  0\$aTESTINST1$bHDC$ctestprogram-trust$hZ673$i.T35
=866  30$80$a26(1950)-91(2015)

