=LDR  00753    a2200229 n 4500
=001  22929178250003841
=003  TestILS
=004  991021491629703841
=005  20210520081217.36
=007  ta
=008  1405080u\\\\0\\\0001ba\\\0\\\\\\\\\\\\\\
=014  1\$a12258667$bOCoLC
=022  0\$a0883-8542
=035  \\$a(OCoLC)12258667
=035  \\$a(TestILS)c13403667-01asu_inst
=245  00$aApplied engineering in agriculture.
=561  \\$aTESTINST1
=561  \\$aSTA
=583  \\$acommitted to retain$c20140508$dDecember 31, 2035$fTESTPROGRAM$fTESTPROGRAM Gold$uhttp://localhost/services/testprogram/docs/TESTPROGRAMProgramStatement.pdf
=583  \\$acompleteness reviewed$c20140508$fTESTPROGRAM$fTESTPROGRAM Gold$iissue-level
=583  \\$acondition reviewed$c20140508$fTESTPROGRAM$fTESTPROGRAM Gold$iissue-level
=852  0\$aTESTINST1$bHDC$ctestprogram-trust
=866  30$80$a1(1985)-21(2005)

