=LDR  01091cy  a2200229 n 4500
=001  22925760750003841
=003  TestILS
=004  991014181769703841
=005  20210520081217.93
=007  ta
=008  1705080u\\\\0\\\0001ba\\\0\\\\\\\\\\\\\\
=014  1\$a2449411$bOCoLC
=022  \\$a0375-0299
=035  \\$a(OCoLC)2449411
=035  \\$a(TestILS)c14125584-01asu_inst
=245  00$aPalaeontographica.
=561  \\$aTESTINST1
=583  \\$acommitted to retain$c20170508$dDecember 31, 2035$fTESTPROGRAM$fTESTPROGRAM Gold$uhttp://localhost/services/testprogram/docs/TESTPROGRAMProgramStatement.pdf
=583  \\$acompleteness reviewed$c20170508$fTESTPROGRAM$fTESTPROGRAM Gold$iissue-level$lmissing volumes$zmissing 1-5, 7, 9-10, 12-13, 15-26, 33-51, 64, 78-91, 94-103, 107, 231
=583  \\$acondition reviewed$c20170508$fTESTPROGRAM$fTESTPROGRAM Gold$iissue-level$ltight binding$ztight binding 73-74
=852  0\$aTESTINST1$bHDC$ctestprogram-trust
=866  30$80$a6(1856/1858), 8(1859/1861), 11(1863/1864), 14(1865/1866), 27(1880)-32(1886), 52(1905)-53(1907), 62(1916)-63(1921), 65(1923)-77(1933), 92(1951)-93(1953), 104(1958)-106(1960), 108(1961)-230(1993), 232(1994)-273(2006)
=868  30$80$a1(1846)-241(1996)

