=LDR  00695nx  a22001931n 4500
=003  TestILS
=004  991041202859703841
=007  ta
=001  221130727140003841
=008  1910315u\\\\0\\\0000ba\\\0\\\\\\
=005  20210520081217.59
=022  \\$a1057-8226
=035  \\$a(OCoLC)18943306
=245  04$aThe Blue book of college, university, and junior & community college athletics.
=583  \\$acommitted to retain$c20191031$dDecember 31, 2035$fTESTPROGRAM$fTESTPROGRAM Gold$uhttp://localhost/services/testprogram/docs/TESTPROGRAMProgramStatement.pdf
=583  \\$acompleteness reviewed$c20191031$fTESTPROGRAM$fTESTPROGRAM Gold$iissue level$lmissing issues$zmissing no.58(1989)
=583  \\$acondition reviewed$c20191031$fTESTPROGRAM$fTESTPROGRAM Gold$iissue level
=561  \\$aTESTINST1
=852  0\$aTESTINST1$bHDC$ctestprogram-trust$hGV351$i.B58
=866  30$80$ano.59(1990)

