=LDR  00646nx  a22001931n 4500
=003  TestILS
=004  991022580349703841
=007  ta
=001  221169449250003841
=008  2105040u\\\\0\\\0000ba\\\0\\\\\\
=005  20210520081217.37
=022  \\$a1074-8873
=035  \\$a(OCoLC)29870745
=245  04$aThe Irwin international almanac :$bbusiness and investments.
=583  \\$acommitted to retain$c20210504$d20351231$fTESTPROGRAM$fTESTPROGRAM Gold$uhttp://localhost/services/testprogram/docs/TESTPROGRAMProgramStatement.pdf
=583  \\$acompleteness reviewed$c20210504$fTESTPROGRAM$fTESTPROGRAM Gold$iissue level
=583  \\$acondition reviewed$c20210504$fTESTPROGRAM$fTESTPROGRAM Gold$iissue level
=561  \\$aTESTINST1
=852  0\$aTESTINST1$bHDC$ctestprogram-trust$hHF5001$i.B839
=866  30$80$a(1994)

