=LDR  00904    a2200241 n 4500
=001  22818524190003841
=003  TestILS
=004  991020845629703841
=005  20210520081217.85
=007  ta
=008  1306050u\\\\0\\\0001ba\\\0\\\\\\\\\\\\\\
=014  1\$a4604696$bOCoLC
=022  1\$a0027-4364
=035  \\$a(OCoLC)4604696
=035  \\$a(TestILS)c13183230-01asu_inst
=245  10$aMusic journal.
=561  \\$aTESTINST1
=561  \\$aORE
=561  \\$aKKS
=583  \\$acommitted to retain$c20130605$dDecember 31, 2035$fTESTPROGRAM$fTESTPROGRAM Gold$uhttp://localhost/services/testprogram/docs/TESTPROGRAMProgramStatement.pdf
=583  \\$acompleteness reviewed$c20130605$fTESTPROGRAM$fTESTPROGRAM Gold$iissue-level$lmissing volumes$zmissing v.40-41, v.43-44$lmissing issues$zmissing vol. 39 issue 5$lReprints$zvol. 4 reprints
=583  \\$acondition reviewed$c20130605$fTESTPROGRAM$fTESTPROGRAM Gold$iissue-level
=852  0\$aTESTINST1$bHDC$ctestprogram-trust$hML1$i.M276
=866  30$80$a4(1946)-39(1981), 42(1985)

