=LDR  00632nx  a22001811n 4500
=003  TestILS
=004  991002184229703841
=007  ta
=001  221106340100003841
=008  1905150u\\\\0\\\0000ba\\\0\\\\\\
=005  20210520081217.79
=022  \\$a1053-6353
=035  \\$a(OCoLC)22497090
=245  00$aProfessional builder & remodeler.
=583  \\$acommitted to retain$c20190515$dDecember 31, 2035$fTESTPROGRAM$fTESTPROGRAM Silver$uhttp://localhost/services/testprogram/docs/TESTPROGRAMProgramStatement.pdf
=583  \\$acompleteness reviewed$c20190515$fTESTPROGRAM$fTESTPROGRAM Silver$ivolume level$lmissing volumes$zmissing v.56:1-4(1991)
=561  \\$aTESTINST1
=852  0\$aTESTINST1$bHDC$ctestprogram-trust$hTH1$i.P7
=866  30$80$a55(1990)-58(1993)

