=LDR  00664ny  a22002053n 4500
=001  22876656490003841
=003  TestILS
=004  991022857409703841
=005  20210520081218.14
=007  ta
=008  1312160u\\\\0\\\0001ba\\\0\\\\\\\\\\\\\\
=014  1\$a5267771$bOCoLC
=022  0\$a0193-8703
=035  \\$a(OCoLC)5267771
=035  \\$a(TestILS)c13287345-01asu_inst
=245  00$aContemporary Marxism.
=561  \\$aTESTINST1
=583  \\$acommitted to retain$c20131216$dDecember 31, 2035$fTESTPROGRAM$fTESTPROGRAM Silver$uhttp://localhost/services/testprogram/docs/TESTPROGRAMProgramStatement.pdf
=583  \\$acompleteness reviewed$c20131216$fTESTPROGRAM$fTESTPROGRAM Silver$ivolume-level
=852  0\$aTESTINST1$bHDC$ctestprogram-trust
=866  30$80$ano.1(1980)-14(1986)

