=LDR  00714ny  a22002173n 4500
=001  22967046870003841
=003  TestILS
=004  991011743039703841
=005  20210520081217.48
=007  ta
=008  1305030u\\\\0\\\0001ba\\\0\\\\\\\\\\\\\\
=014  1\$a1767367$bOCoLC
=022  \\$a0040-4691$l0040-4691$y1534-7303
=035  \\$a(OCoLC)1767367
=035  \\$a(TestILS)c13150455-01asu_inst
=245  00$aTexas studies in literature and language.
=561  \\$aTESTINST1
=561  \\$aNTD
=583  \\$acommitted to retain$c20130503$dDecember 31, 2035$fTESTPROGRAM$fTESTPROGRAM Silver$uhttp://localhost/services/testprogram/docs/TESTPROGRAMProgramStatement.pdf
=583  \\$acompleteness reviewed$c20130503$fTESTPROGRAM$fTESTPROGRAM Silver$ivolume-level
=852  0\$aTESTINST1$bHDC$ctestprogram-trust$hAS30$i.T4
=866  30$80$a1(1959)-47(2005)

