=LDR  00518ny  a22001693n 4500
=003  TestILS
=004  991022901509703841
=005  20210520081217.76
=001  221042499400003841
=007  ta
=008  1709180u\\\\0\\\0001aa\\\0\\\\\\\\\\\\\8
=022  \\$a0031-5605
=035  \\$a(OCoLC)5845303
=245  10$aPersonal :$bMensch und Arbeit im Betrieb.
=561  \\$aTESTINST1
=583  \\$acommitted to retain$c20170918$dDecember 31, 2035$fTESTPROGRAM$fTESTPROGRAM Bronze$uhttp://localhost/services/testprogram/docs/TESTPROGRAMProgramStatement.pdf
=852  0\$aTESTINST1$bHDC$ctestprogram-trust$hHD28 .P4x
=866  30$80$a20(1968)-43(1991)

