=LDR  00675nx  a22001931n 4500
=003  TestILS
=004  991041195109703841
=007  ta
=001  221130726480003841
=008  1910315u\\\\0\\\0000ba\\\0\\\\\\
=005  20210520081217.58
=022  \\$a1056-8654
=035  \\$a(OCoLC)18373220
=245  04$aThe source book of franchise opportunities.
=583  \\$acommitted to retain$c20191031$dDecember 31, 2035$fTESTPROGRAM$fTESTPROGRAM Gold$uhttp://localhost/services/testprogram/docs/TESTPROGRAMProgramStatement.pdf
=583  \\$acompleteness reviewed$c20191031$fTESTPROGRAM$fTESTPROGRAM Gold$iissue level
=583  \\$acondition reviewed$c20191031$fTESTPROGRAM$fTESTPROGRAM Gold$iissue level
=561  \\$aTESTINST1
=852  0\$aTESTINST1$bHDC$ctestprogram-trust$hHF5429.235.U5$iS66
=866  30$80$a(1985), (1988)-(1994)

