=LDR  00722ny  a22002053n 4500
=001  22898236330003841
=003  TestILS
=004  991022875339703841
=005  20210520081218.14
=007  ta
=008  1512230u\\\\0\\\0001ba\\\0\\\\\\\\\\\\\\
=014  1\$a1606721$bOCoLC
=022  0\$a0096-7149$l0096-7149
=035  \\$a(OCoLC)1606721
=035  \\$a(TestILS)c13725737-01asu_inst
=245  00$aStudent medicine.
=561  \\$aLLU
=583  \\$acommitted to retain$c20151223$dDecember 31, 2035$fTESTPROGRAM$fTESTPROGRAM Silver$uhttp://localhost/services/testprogram/docs/TESTPROGRAMProgramStatement.pdf
=583  \\$acompleteness reviewed$c20151223$fTESTPROGRAM$fTESTPROGRAM Silver$ivolume-level$lmissing volumes$zmissing v.10 issue 1
=852  0\$aTESTINST1$bHDC$ctestprogram-trust$hR11$i.C65
=866  30$80$a1(1952)-10(1962)

