=LDR  00767nx  a22002051n 4500
=003  TestILS
=004  991011852239703841
=007  ta
=001  221159216110003841
=008  2104185u\\\\0\\\0000ba\\\0\\\\\\
=005  20210520081217.38
=022  \\$a0361-1663
=035  \\$a(OCoLC)1952622
=245  10$aAbraxas.
=583  \\$acommitted to retain$c20210418$d20351231$fTESTPROGRAM$fTESTPROGRAM Gold$uhttp://localhost/services/testprogram/docs/TESTPROGRAMProgramStatement.pdf
=583  \\$acompleteness reviewed$c20210418$fTESTPROGRAM$fTESTPROGRAM Gold$iissue level$lmissing issues$zmissing no.1, 6-9, 11-17
=583  \\$acondition reviewed$c20210418$fTESTPROGRAM$fTESTPROGRAM Gold$iissue level
=561  \\$aTESTINST1
=852  0\$aTESTINST1$bHDC$ctestprogram-trust$hPS301$i.A16
=866  30$80$ano. 2(1969)-5(1972), 10(1974), 18(1979)-49(2015)
=868  30$80$ano. 1(1968)-10(1974)

