=LDR  00808    a2200217 n 4500
=001  22939204700003841
=003  TestILS
=004  991020808499703841
=005  20210520081217.83
=007  ta
=008  1505050u\\\\0\\\0001ba\\\0\\\\\\\\\\\\\\
=014  1\$a4240905$bOCoLC
=022  0\$a0195-377X$l0195-377X
=035  \\$a(OCoLC)4240905
=035  \\$a(TestILS)c13597103-01asu_inst
=245  10$aLACUS forum.
=561  \\$aTESTINST1
=583  \\$acommitted to retain$c20150505$dDecember 31, 2035$fTESTPROGRAM$fTESTPROGRAM Gold$uhttp://localhost/services/testprogram/docs/TESTPROGRAMProgramStatement.pdf
=583  \\$acompleteness reviewed$c20150505$fTESTPROGRAM$fTESTPROGRAM Gold$iissue-level$lmissing volumes$zmissing no.14
=583  \\$acondition reviewed$c20150505$fTESTPROGRAM$fTESTPROGRAM Gold$iissue-level
=852  0\$aTESTINST1$bHDC$ctestprogram-trust$hP21$i.L48a
=866  30$80$ano.1(1974)-13(1986), 15(1988)-31(2005)

