=LDR  00520ny  a22001693n 4500
=003  TestILS
=004  991037130229703841
=005  20210520081217.99
=001  221098637650003841
=007  ta
=008  1901110u\\\\0\\\0001aa\\\0\\\\\\\\\\\\\8
=022  \\$a0326-7911
=035  \\$a(OCoLC)13073736
=245  00$aComechingonia.
=561  \\$aTESTINST1
=583  \\$acommitted to retain$c20190111$dDecember 31, 2035$fTESTPROGRAM$fTESTPROGRAM Bronze$uhttp://localhost/services/testprogram/docs/TESTPROGRAMProgramStatement.pdf
=852  0\$aTESTINST1$bHDC$ctestprogram-trust$hF2831$i.C66x
=866  30$80$a1(1983)-6(1988)

