=LDR  00731nx  a22002051n 4500
=003  TestILS
=004  991011787639703841
=007  ta
=001  221045862190003841
=008  1711150u\\\\0\\\0000ba\\\0\\\\\\
=005  20210520081217.97
=022  \\$a0075-4218
=035  \\$a(OCoLC)1783040
=245  00$aJournal of Croatian studies.
=583  \\$acommitted to retain$c20171115$dDecember 31, 2035$fTESTPROGRAM$fTESTPROGRAM Gold$uhttp://localhost/services/testprogram/docs/TESTPROGRAMProgramStatement.pdf
=583  \\$acompleteness reviewed$c20171115$fTESTPROGRAM$fTESTPROGRAM Gold$iissue level$lmissing volumes$zmissing v.1-20
=583  \\$acondition reviewed$c20171115$fTESTPROGRAM$fTESTPROGRAM Gold$iissue level
=561  \\$aTESTINST1
=852  0\$aTESTINST1$bHDC$ctestprogram-trust$hDB 361 .J6
=866  30$80$a21(1980)-43(2002)
=868  30$80$a1(1960)-30(1989)

