=LDR  00762ny  a22002173n 4500
=001  22956991620003841
=003  TestILS
=004  991025121759703841
=005  20210520081217.42
=007  ta
=008  1505010u\\\\0\\\0001ba\\\0\\\\\\\\\\\\\\
=014  1\$a6728624$bOCoLC
=022  0\$a0272-684X
=035  \\$a(OCoLC)6728624
=035  \\$a(TestILS)c13596317-01asu_inst
=245  00$aInternational quarterly of community health education.
=561  \\$aTESTINST1
=561  \\$aLLU
=583  \\$acommitted to retain$c20150501$dDecember 31, 2035$fTESTPROGRAM$fTESTPROGRAM Silver$uhttp://localhost/services/testprogram/docs/TESTPROGRAMProgramStatement.pdf
=583  \\$acompleteness reviewed$c20150501$fTESTPROGRAM$fTESTPROGRAM Silver$ivolume-level$lbinding patterns vary$zfor vols. 5-8 two volumes bound together as single piece
=852  0\$aTESTINST1$bHDC$ctestprogram-trust
=866  30$80$a1(1980)-24(2006)

