=LDR  00691nx  a22001931n 4500
=003  TestILS
=004  991014157429703841
=007  ta
=001  221165004090003841
=008  2104280u\\\\0\\\0000ba\\\0\\\\\\
=005  20210520081217.63
=022  \\$a0362-5001
=035  \\$a(OCoLC)2294099
=245  00$aAMJ, airport management journal.
=583  \\$acommitted to retain$c20210428$d20351231$fTESTPROGRAM$fTESTPROGRAM Gold$uhttp://localhost/services/testprogram/docs/TESTPROGRAMProgramStatement.pdf
=583  \\$acompleteness reviewed$c20210428$fTESTPROGRAM$fTESTPROGRAM Gold$iissue level$lmissing issues$zmissing v.1(1976)
=583  \\$acondition reviewed$c20210428$fTESTPROGRAM$fTESTPROGRAM Gold$iissue level
=561  \\$aTESTINST1
=852  0\$aTESTINST1$bHDC$ctestprogram-trust$hTL725.3.M2$iA18
=866  30$80$a2(1977)-3(1979)

