=LDR  00687ny  a22002173n 4500
=001  22836546640003841
=003  TestILS
=004  991001705949703841
=005  20210520081217.78
=007  ta
=008  1306110u\\\\0\\\0001ba\\\0\\\\\\\\\\\\\\
=014  1\$a36874577$bOCoLC
=022  \\$a1094-1304
=030  \\$aMHSEFI
=035  \\$a(OCoLC)36874577
=035  \\$a(TestILS)c13184349-01asu_inst
=245  00$aMarketing health services.
=561  \\$aTESTINST1
=583  \\$acommitted to retain$c20130611$dDecember 31, 2035$fTESTPROGRAM$fTESTPROGRAM Silver$uhttp://localhost/services/testprogram/docs/TESTPROGRAMProgramStatement.pdf
=583  \\$acompleteness reviewed$c20130611$fTESTPROGRAM$fTESTPROGRAM Silver$ivolume-level
=852  0\$aTESTINST1$bHDC$ctestprogram-trust
=866  30$80$a17(1997)-26(2006)

