=LDR  00557ny  a22001693n 4500
=003  TestILS
=004  991011779139703841
=005  20210520081217.57
=001  221098772270003841
=007  ta
=008  1901110u\\\\0\\\0001aa\\\0\\\\\\\\\\\\\8
=022  \\$a0774-2908
=035  \\$a(OCoLC)1781417
=245  00$aHumanistica Lovaniensia.
=561  \\$aTESTINST1
=583  \\$acommitted to retain$c20190116$dDecember 31, 2035$fTESTPROGRAM$fTESTPROGRAM Bronze$uhttp://localhost/services/testprogram/docs/TESTPROGRAMProgramStatement.pdf
=852  0\$aTESTINST1$bHDC$ctestprogram-trust$hPA8001$i.H8
=866  30$80$a3(1933), 8(1949), 17(1968)-27(1978), 29(1980)-39(1990)

