=LDR  00650nx  a22001931n 4500
=003  TestILS
=004  991027187779703841
=007  ta
=001  221153825670003841
=008  2103315u\\\\0\\\0000ba\\\0\\\\\\
=005  20210520081217.80
=022  \\$a0706-4845
=035  \\$a(OCoLC)7806084
=245  00$aCanadian journal of anthropology =$bRevue canadienne d'anthropologie.
=583  \\$acommitted to retain$c20210331$d20351231$fTESTPROGRAM$fTESTPROGRAM Gold$uhttp://localhost/services/testprogram/docs/TESTPROGRAMProgramStatement.pdf
=583  \\$acompleteness reviewed$c20210331$fTESTPROGRAM$fTESTPROGRAM Gold$iissue level
=583  \\$acondition reviewed$c20210331$fTESTPROGRAM$fTESTPROGRAM Gold$iissue level
=561  \\$aTESTINST1
=852  0\$aTESTINST1$bHDC$ctestprogram-trust$hGN1$i.W47
=866  30$80$a1(1980)-5(1986)

