=LDR  00693nx  a22001931n 4500
=003  TestILS
=004  991025092509703841
=007  ta
=001  221068169110003841
=008  1805165u\\\\0\\\0000ba\\\0\\\\\\
=005  20210520081217.40
=022  \\$a0270-3807
=035  \\$a(OCoLC)6368099
=245  10$aDiscussions and closures of abstracted papers from the winter meeting.
=583  \\$acommitted to retain$c20180523$dDecember 31, 2035$fTESTPROGRAM$fTESTPROGRAM Gold$uhttp://localhost/services/testprogram/docs/TESTPROGRAMProgramStatement.pdf
=583  \\$acompleteness reviewed$c20180523$fTESTPROGRAM$fTESTPROGRAM Gold$iissue level$lmissing volumes$zmissing 1975-1977
=583  \\$acondition reviewed$c20180523$fTESTPROGRAM$fTESTPROGRAM Gold$iissue level
=561  \\$aTESTINST1
=852  0\$aTESTINST1$bHDC$ctestprogram-trust$hTK5 .I25d
=866  30$80$a(1978)-(1980)

