=LDR  00787    a2200217 n 4500
=001  22906328960003841
=003  TestILS
=004  991014684539703841
=005  20210520081218.10
=007  ta
=008  1605200u\\\\0\\\0001ba\\\0\\\\\\\\\\\\\\
=014  1\$a16877406$bOCoLC
=035  \\$a(OCoLC)16877406
=035  \\$a(TestILS)c13831483-01asu_inst
=245  10$aProceedings /$cNational University Extension Association.
=561  \\$aTESTINST1
=561  \\$aORZ
=583  \\$acommitted to retain$c20160520$dDecember 31, 2035$fTESTPROGRAM$fTESTPROGRAM Gold$uhttp://localhost/services/testprogram/docs/TESTPROGRAMProgramStatement.pdf
=583  \\$acompleteness reviewed$c20160520$fTESTPROGRAM$fTESTPROGRAM Gold$iissue-level$lmissing volumes$zmissing no.52-55; no.60
=583  \\$acondition reviewed$c20160520$fTESTPROGRAM$fTESTPROGRAM Gold$iissue-level
=852  0\$aTESTINST1$bHDC$ctestprogram-trust$hLC6206$i.N35
=866  30$80$ano.56(1971)-59(1974)

