=LDR  00796    a2200229 n 4500
=001  22954760630003841
=003  TestILS
=004  991020834379703841
=005  20210520081217.84
=007  ta
=008  1605010u\\\\0\\\0001ba\\\0\\\\\\\\\\\\\\
=014  1\$a4482694$bOCoLC
=022  0\$a0155-7785
=030  \\$aSPSTDD
=035  \\$a(OCoLC)4482694
=035  \\$a(TestILS)c13792052-01asu_inst
=245  00$aSpeculations in science and technology.
=561  \\$aTESTINST1
=583  \\$acommitted to retain$c20160501$dDecember 31, 2035$fTESTPROGRAM$fTESTPROGRAM Gold$uhttp://localhost/services/testprogram/docs/TESTPROGRAMProgramStatement.pdf
=583  \\$acompleteness reviewed$c20160501$fTESTPROGRAM$fTESTPROGRAM Gold$iissue-level$lmissing volumes$zmissing v.1-2
=583  \\$acondition reviewed$c20160501$fTESTPROGRAM$fTESTPROGRAM Gold$iissue-level
=852  0\$aTESTINST1$bHDC$ctestprogram-trust$hQ1$i.S87
=866  30$80$a3(1980)-21(1999)

