=LDR  00658ny  a22002053n 4500
=001  22936094410003841
=003  TestILS
=004  991011676589703841
=005  20210520081218.12
=007  ta
=008  1206200u\\\\0\\\0001ba\\\0\\\\\\\\\\\\\\
=014  1\$a1753239$bOCoLC
=022  \\$a0020-2916
=035  \\$a(OCoLC)1753239
=035  \\$a(TestILS)c12806286-01asu_inst
=245  10$aBulletin.
=561  \\$aTESTINST1
=583  \\$acommitted to retain$c20120620$dDecember 31, 2035$fTESTPROGRAM$fTESTPROGRAM Silver$uhttp://localhost/services/testprogram/docs/TESTPROGRAMProgramStatement.pdf
=583  \\$acompleteness reviewed$c20120620$fTESTPROGRAM$fTESTPROGRAM Silver$ivolume-level
=852  0\$aTESTINST1$bHDC$ctestprogram-trust
=866  30$80$a(1970)-(1971)

