=LDR  00590nx  a22001811n 4500
=003  TestILS
=004  991011688319703841
=007  ta
=001  221065099420003841
=008  1805040u\\\\0\\\0000ba\\\0\\\\\\
=005  20210520081218.13
=022  \\$a0022-5355
=035  \\$a(OCoLC)1754855
=245  04$aThe Journal of vacuum science and technology.
=583  \\$acommitted to retain$c20180504$dDecember 31, 2035$fTESTPROGRAM$fTESTPROGRAM Silver$uhttp://localhost/services/testprogram/docs/TESTPROGRAMProgramStatement.pdf
=583  \\$acompleteness reviewed$c20180504$fTESTPROGRAM$fTESTPROGRAM Silver$ivolume level
=561  \\$aTESTINST1
=852  0\$aTESTINST1$bHDC$ctestprogram-trust$hQC166 .J6
=866  30$80$a1(1964)-21(1982)

