=LDR  00752    a2200217 n 4500
=001  22857258660003841
=003  TestILS
=004  991009156049703841
=005  20210520081217.96
=007  ta
=008  1605200u\\\\0\\\0001ba\\\0\\\\\\\\\\\\\\
=014  1\$a36534256$bOCoLC
=022  0\$a1093-4421
=035  \\$a(OCoLC)36534256
=035  \\$a(TestILS)c1383163x-01asu_inst
=245  00$aHarvard design magazine.
=561  \\$aTESTINST1
=583  \\$acommitted to retain$c20160520$dDecember 31, 2035$fTESTPROGRAM$fTESTPROGRAM Gold$uhttp://localhost/services/testprogram/docs/TESTPROGRAMProgramStatement.pdf
=583  \\$acompleteness reviewed$c20160520$fTESTPROGRAM$fTESTPROGRAM Gold$iissue-level
=583  \\$acondition reviewed$c20160520$fTESTPROGRAM$fTESTPROGRAM Gold$iissue-level
=852  0\$aTESTINST1$bHDC$ctestprogram-trust
=866  30$80$a(1997)-(2003); no.19(2004)-25(2007)

