=LDR  00633nx  a22001811n 4500
=003  TestILS
=004  991016514639703841
=007  ta
=001  221153795210003841
=008  2103175u\\\\0\\\0000ba\\\0\\\\\\
=005  20210520081218.10
=035  \\$a(OCoLC)2901124
=245  10$aBoletín del Instituto Amigos del Libro Argentino.
=583  \\$acommitted to retain$c20210317$d20351231$fTESTPROGRAM$fTESTPROGRAM Gold$uhttp://localhost/services/testprogram/docs/TESTPROGRAMProgramStatement.pdf
=583  \\$acompleteness reviewed$c20210317$fTESTPROGRAM$fTESTPROGRAM Gold$iissue level
=583  \\$acondition reviewed$c20210317$fTESTPROGRAM$fTESTPROGRAM Gold$iissue level
=561  \\$aTESTINST1
=852  0\$aTESTINST1$bHDC$ctestprogram-trust$hPQ7600$i.B58x
=866  30$80$ano. 1(1953)-14(1956)

