=LDR  00770    a2200229 n 4500
=001  22850956070003841
=003  TestILS
=004  991035506629703841
=005  20210520081217.98
=007  ta
=008  1308280u\\\\0\\\0001ba\\\0\\\\\\\\\\\\\\
=014  1\$a12712220$bOCoLC
=022  0\$a1043-4429
=035  \\$a(OCoLC)12712220
=035  \\$a(TestILS)c13245752-01asu_inst
=245  10$aBiennial Conference on Tax Planning for the Charitable Sector :$b[proceedings].
=561  \\$aAZC
=583  \\$acommitted to retain$c20130828$dDecember 31, 2035$fTESTPROGRAM$fTESTPROGRAM Gold$uhttp://localhost/services/testprogram/docs/TESTPROGRAMProgramStatement.pdf
=583  \\$acompleteness reviewed$c20130828$fTESTPROGRAM$fTESTPROGRAM Gold$iissue-level
=583  \\$acondition reviewed$c20130828$fTESTPROGRAM$fTESTPROGRAM Gold$iissue-level
=852  0\$aTESTINST1$bHDC$ctestprogram-trust
=866  30$80$a14(1985)-16(1988)
=868  30$80$a1(1972)-12(1976)

