=LDR  00716ny  a22002173n 4500
=001  22970530810003841
=003  TestILS
=004  991011470919703841
=005  20210520081217.67
=007  ta
=008  1705080u\\\\0\\\0001ba\\\0\\\\\\\\\\\\\\
=014  1\$a1480131$bOCoLC
=022  0\$a0002-9203
=035  \\$a(OCoLC)1480131
=035  \\$a(TestILS)c14147117-01asu_inst
=245  00$aAmerican journal of correction.
=561  \\$aTESTINST1
=583  \\$acommitted to retain$c20170508$dDecember 31, 2035$fTESTPROGRAM$fTESTPROGRAM Silver$uhttp://localhost/services/testprogram/docs/TESTPROGRAMProgramStatement.pdf
=583  \\$acompleteness reviewed$c20170508$fTESTPROGRAM$fTESTPROGRAM Silver$ivolume-level
=852  0\$aTESTINST1$bHDC$ctestprogram-trust
=866  30$80$a1(1939)-36(1974), 39(1977)-40(1978)
=868  30$80$a1(1939)-12(1950)

