=LDR  00781ny  a22002173n 4500
=001  22904096050003841
=003  TestILS
=004  991011611839703841
=005  20210520081217.90
=007  ta
=008  1305240u\\\\0\\\0001ba\\\0\\\\\\\\\\\\\\
=014  1\$a1640302$bOCoLC
=022  \\$a0010-7476
=035  \\$a(OCoLC)1640302
=035  \\$a(TestILS)c13181002-01asu_inst
=245  04$aThe Teachers college journal.
=561  \\$aTESTINST1
=561  \\$aWAU
=583  \\$acommitted to retain$c20130528$dDecember 31, 2035$fTESTPROGRAM$fTESTPROGRAM Silver$uhttp://localhost/services/testprogram/docs/TESTPROGRAMProgramStatement.pdf
=583  \\$acompleteness reviewed$c20130528$fTESTPROGRAM$fTESTPROGRAM Silver$ivolume-level$lmissing volumes$zmissing v.3:2; v.4:5; v.13:4&6; v.14:1; v.17:6; v.37-38; v.39:1-2
=852  0\$aTESTINST1$bHDC$ctestprogram-trust
=866  30$80$a1(1930)-36(1965), 39, no.3(1967)

