=LDR  00694ny  a22002173n 4500
=001  22948069850003841
=003  TestILS
=004  991017664359703841
=005  20210520081217.63
=007  ta
=008  1305100u\\\\0\\\0001ba\\\0\\\\\\\\\\\\\\
=014  1\$a1778540$bOCoLC
=022  0\$a1060-2682
=035  \\$a(OCoLC)1778540
=035  \\$a(TestILS)c13150807-01asu_inst
=245  10$aProceedings of the American Microscopical Society.
=561  \\$aIYU
=561  \\$aORC
=583  \\$acommitted to retain$c20130510$dDecember 31, 2035$fTESTPROGRAM$fTESTPROGRAM Silver$uhttp://localhost/services/testprogram/docs/TESTPROGRAMProgramStatement.pdf
=583  \\$acompleteness reviewed$c20130510$fTESTPROGRAM$fTESTPROGRAM Silver$ivolume-level
=852  0\$aTESTINST1$bHDC$ctestprogram-trust$hQH201$i.A3
=866  30$80$a14(1892)-16(1895)

