=LDR  00667nx  a22001931n 4500
=003  TestILS
=004  991011738939703841
=007  ta
=001  221135268850003841
=008  2001285u\\\\0\\\0000ba\\\0\\\\\\
=005  20210520081217.48
=022  \\$a0036-1607
=035  \\$a(OCoLC)1766321
=245  10$aBulletin /$cSpecial Libraries Association, Geography and Map Division.
=583  \\$acommitted to retain$c20200128$dDecember 31, 2035$fTESTPROGRAM$fTESTPROGRAM Gold$uhttp://localhost/services/testprogram/docs/TESTPROGRAMProgramStatement.pdf
=583  \\$acompleteness reviewed$c20200128$fTESTPROGRAM$fTESTPROGRAM Gold$iissue level
=583  \\$acondition reviewed$c20200128$fTESTPROGRAM$fTESTPROGRAM Gold$iissue level
=561  \\$aTESTINST1
=852  0\$aTESTINST1$bHDC$ctestprogram-trust$hGA192$l.S64x
=866  30$80$ano.8(1951)-187(1997)

