=LDR  00620nx  a22001811n 4500
=003  TestILS
=004  991035487959703841
=007  ta
=001  221165006890003841
=008  2104260u\\\\0\\\0000ba\\\0\\\\\\
=005  20210520081218.02
=035  \\$a(OCoLC)12115277
=245  00$aArt Directors Club of Los Angeles :$b[exhibition catalog].
=583  \\$acommitted to retain$c20210426$d20351231$fTESTPROGRAM$fTESTPROGRAM Gold$uhttp://localhost/services/testprogram/docs/TESTPROGRAMProgramStatement.pdf
=583  \\$acompleteness reviewed$c20210426$fTESTPROGRAM$fTESTPROGRAM Gold$iissue level
=583  \\$acondition reviewed$c20210426$fTESTPROGRAM$fTESTPROGRAM Gold$iissue level
=561  \\$aTESTINST1
=852  0\$aTESTINST1$bHDC$ctestprogram-trust$hNC997.A4$iL6x
=866  30$80$a(1984)

