=LDR  00732ny  a22002173n 4500
=001  22907287510003841
=003  TestILS
=004  991042403239703841
=005  20210520081217.60
=007  ta
=008  1206140u\\\\0\\\0001ba\\\0\\\\\\\\\\\\\\
=014  1\$a20386800$bOCoLC
=022  0\$a1047-7624
=030  \\$aRJWFE7
=035  \\$a(OCoLC)20386800
=035  \\$a(TestILS)c12793024-01asu_inst
=245  00$aResearch journal of the Water Pollution Control Federation.
=561  \\$aTESTINST1
=583  \\$acommitted to retain$c20120614$dDecember 31, 2035$fTESTPROGRAM$fTESTPROGRAM Silver$uhttp://localhost/services/testprogram/docs/TESTPROGRAMProgramStatement.pdf
=583  \\$acompleteness reviewed$c20120614$fTESTPROGRAM$fTESTPROGRAM Silver$ivolume-level$lmissing volumes$zmissing v.62
=852  0\$aTESTINST1$bHDC$ctestprogram-trust$hTD365$i.R48
=866  30$80$a61(1989), 63(1991)

