=LDR  00602nx  a22001811n 4500
=003  TestILS
=004  991001529289703841
=007  ta
=001  221103874340003841
=008  1902190u\\\\0\\\0000ba\\\0\\\\\\
=005  20210520081217.78
=022  \\$a1020-492X
=035  \\$a(OCoLC)36710024
=245  00$aCommodity market review.
=583  \\$acommitted to retain$c20190314$dDecember 31, 2035$fTESTPROGRAM$fTESTPROGRAM Silver$uhttp://localhost/services/testprogram/docs/TESTPROGRAMProgramStatement.pdf
=583  \\$acompleteness reviewed$c20190314$fTESTPROGRAM$fTESTPROGRAM Silver$ivolume level
=561  \\$aTESTINST1
=852  0\$aTESTINST1$bHDC$ctestprogram-trust$hHD1401$i.F63a
=866  30$80$a(1995/1996)-(2009/2010)

