=LDR  00798    a2200217 n 4500
=001  22823675700003841
=003  TestILS
=004  991011555149703841
=005  20210520081218.05
=007  ta
=008  1404160u\\\\0\\\0001ba\\\0\\\\\\\\\\\\\\
=014  1\$a1569137$bOCoLC
=022  \\$a0015-0517
=035  \\$a(OCoLC)1569137
=035  \\$a(TestILS)c13402225-01asu_inst
=245  04$aThe Fibonacci quarterly.
=561  \\$aTESTINST1
=583  \\$acommitted to retain$c20140416$dDecember 31, 2035$fTESTPROGRAM$fTESTPROGRAM Gold$uhttp://localhost/services/testprogram/docs/TESTPROGRAMProgramStatement.pdf
=583  \\$acompleteness reviewed$c20140416$fTESTPROGRAM$fTESTPROGRAM Gold$iissue-level$lmissing volumes$zmissing vols. 12-30
=583  \\$acondition reviewed$c20140416$fTESTPROGRAM$fTESTPROGRAM Gold$iissue-level
=852  0\$aTESTINST1$bHDC$ctestprogram-trust$hQA1$i.F5
=866  30$80$a1(1963)-11(1973), 31(1993)-43(2005)

