=LDR  00730    a2200217 n 4500
=001  22909936070003841
=003  TestILS
=004  991022907179703841
=005  20210520081217.76
=007  ta
=008  1401060u\\\\0\\\0001ba\\\0\\\\\\\\\\\\\\
=014  1\$a5910520$bOCoLC
=022  0\$a0196-8718
=035  \\$a(OCoLC)5910520
=035  \\$a(TestILS)c13304082-01asu_inst
=245  00$aAdvances in data base management.
=561  \\$aTESTINST1
=583  \\$acommitted to retain$c20140106$dDecember 31, 2035$fTESTPROGRAM$fTESTPROGRAM Gold$uhttp://localhost/services/testprogram/docs/TESTPROGRAMProgramStatement.pdf
=583  \\$acompleteness reviewed$c20140106$fTESTPROGRAM$fTESTPROGRAM Gold$iissue-level
=583  \\$acondition reviewed$c20140106$fTESTPROGRAM$fTESTPROGRAM Gold$iissue-level
=852  0\$aTESTINST1$bHDC$ctestprogram-trust
=866  30$80$a1(1980)-2(1984)

