=LDR  00750    a2200229 n 4500
=001  22930977730003841
=003  TestILS
=004  991008406849703841
=005  20210520081217.50
=007  ta
=008  1405150u\\\\0\\\0001ba\\\0\\\\\\\\\\\\\\
=014  1\$a40265527$bOCoLC
=022  0\$a1531-605X
=035  \\$a(OCoLC)40265527
=035  \\$a(TestILS)c13502335-01asu_inst
=245  10$aProceedings /$cAMIA ... Annual Symposium.
=561  \\$aTESTINST1
=561  \\$aWAU
=583  \\$acommitted to retain$c20140515$dDecember 31, 2035$fTESTPROGRAM$fTESTPROGRAM Gold$uhttp://localhost/services/testprogram/docs/TESTPROGRAMProgramStatement.pdf
=583  \\$acompleteness reviewed$c20140515$fTESTPROGRAM$fTESTPROGRAM Gold$iissue-level
=583  \\$acondition reviewed$c20140515$fTESTPROGRAM$fTESTPROGRAM Gold$iissue-level
=852  0\$aTESTINST1$bHDC$ctestprogram-trust
=866  30$80$a(1998)-(2002)

