=LDR  00773ny  a22002173n 4500
=001  22955716890003841
=003  TestILS
=004  991011489339703841
=005  20210520081217.44
=007  ta
=008  1505220u\\\\0\\\0001ba\\\0\\\\\\\\\\\\\\
=014  1\$a1514097$bOCoLC
=022  \\$a0004-153X
=035  \\$a(OCoLC)1514097
=035  \\$a(TestILS)c13605045-01asu_inst
=245  00$aArizona law review.
=561  \\$aTESTINST1
=583  \\$acommitted to retain$c20150522$dDecember 31, 2035$fTESTPROGRAM$fTESTPROGRAM Silver$uhttp://localhost/services/testprogram/docs/TESTPROGRAMProgramStatement.pdf
=583  \\$acompleteness reviewed$c20150522$fTESTPROGRAM$fTESTPROGRAM Silver$ivolume-level$lBinding patterns vary$zvol.16 issue 2-3 bnd out of order
=852  0\$aTESTINST1$bHDC$ctestprogram-trust
=866  30$80$a1(1959)-47(2005)
=868  30$80$a1(1959)-4(1963), 22(1980)-33(1991)

