=LDR  00722nx  a22001931n 4500
=003  TestILS
=004  991010187359703841
=007  ta
=001  221128982750003841
=008  1908165u\\\\0\\\0000ba\\\0\\\\\\
=005  20210520081217.70
=022  \\$a1072-5903
=035  \\$a(OCoLC)29041416
=245  00$aMaster's theses directories.
=583  \\$acommitted to retain$c20190923$dDecember 31, 2035$fTESTPROGRAM$fTESTPROGRAM Gold$uhttp://localhost/services/testprogram/docs/TESTPROGRAMProgramStatement.pdf
=583  \\$acompleteness reviewed$c20190923$fTESTPROGRAM$fTESTPROGRAM Gold$iissue level$lmissing issues$zmissing (1996), (1998)
=583  \\$acondition reviewed$c20190923$fTESTPROGRAM$fTESTPROGRAM Gold$iissue level
=561  \\$aTESTINST1
=852  0\$aTESTINST1$bHDC$ctestprogram-trust$hL11$i.M37x
=866  30$80$a(1993)-(1995), (1997), (1999)-(2009)

