=LDR  00749nx  a22002051n 4500
=003  TestILS
=004  991025118569703841
=007  ta
=001  221154659700003841
=008  2105125u\\\\0\\\0000ba\\\0\\\\\\
=005  20210520081217.41
=022  \\$a0024-2233
=035  \\$a(OCoLC)6675300
=245  04$aThe Library chronicle.
=583  \\$acommitted to retain$c20210512$d20351231$fTESTPROGRAM$fTESTPROGRAM Gold$uhttp://localhost/services/testprogram/docs/TESTPROGRAMProgramStatement.pdf
=583  \\$acompleteness reviewed$c20210512$fTESTPROGRAM$fTESTPROGRAM Gold$iissue level$lmissing issues$zmissing v.14(1947)-15(1948), v.39:1(1973)
=583  \\$acondition reviewed$c20210512$fTESTPROGRAM$fTESTPROGRAM Gold$iissue level
=561  \\$aTESTINST1
=852  0\$aTESTINST1$bHDC$ctestprogram-trust$hZ733$i.P418
=866  30$80$a16(1949)-45(1981)
=868  30$80$a1(1933)-20(1954)

