=LDR  00639    a2200205 n 4500
=001  22846472170003841
=003  TestILS
=004  991041207239703841
=005  20210520081217.59
=007  ta
=008  1605090u\\\\0\\\0001ba\\\0\\\\\\\\\\\\\\
=014  1\$a19243364$bOCoLC
=022  0\$a1042-895X
=035  \\$a(OCoLC)19243364
=035  \\$a(TestILS)c13832682-01asu_inst
=245  00$aGastroenterology nursing :$bthe official journal of the Society of Gastroenterology Nurses and Associates.
=561  \\$aTESTINST1
=583  \\$acommitted to retain$c20160509$dDecember 31, 2035$fTESTPROGRAM$fTESTPROGRAM Bronze$uhttp://localhost/services/testprogram/docs/TESTPROGRAMProgramStatement.pdf
=852  0\$aTESTINST1$bHDC$ctestprogram-trust
=866  30$80$a12(1989)-28(2005)
=867  30$80$a19(1996)-20(1997), 27(2004)-28(2005)

