=LDR  00776ny  a22002293n 4500
=001  22924653370003841
=003  TestILS
=004  991000492399703841
=005  20210520081217.77
=007  ta
=008  1207120u\\\\0\\\0001ba\\\0\\\\\\\\\\\\\\
=014  1\$a9286357$bOCoLC
=022  0\$a0737-0059$l0737-0059
=030  \\$aTISAEL
=035  \\$a(OCoLC)9286357
=035  \\$a(TestILS)c12809822-01asu_inst
=245  00$aTransactions of the Iron & Steel Society of AIME /$cISS Foundation.
=561  \\$aAZU
=583  \\$acommitted to retain$c20120712$dDecember 31, 2035$fTESTPROGRAM$fTESTPROGRAM Gold$uhttp://localhost/services/testprogram/docs/TESTPROGRAMProgramStatement.pdf
=583  \\$acompleteness reviewed$c20120712$fTESTPROGRAM$fTESTPROGRAM Gold$iissue-level
=583  \\$acondition reviewed$c20120712$fTESTPROGRAM$fTESTPROGRAM Gold$iissue-level
=852  0\$aTESTINST1$bHDC$ctestprogram-trust$hTS300$i.T7
=866  30$80$a1(1982)-4(1984)

