=LDR  00660nx  a22001931n 4500
=003  TestILS
=004  991010164779703841
=007  ta
=001  221155098070003841
=008  2104185u\\\\0\\\0000ba\\\0\\\\\\
=005  20210520081217.96
=022  \\$a1068-9982
=035  \\$a(OCoLC)27876398
=245  00$aNortheast anthropology.
=583  \\$acommitted to retain$c20210418$d20351231$fTESTPROGRAM$fTESTPROGRAM Gold$uhttp://localhost/services/testprogram/docs/TESTPROGRAMProgramStatement.pdf
=583  \\$acompleteness reviewed$c20210418$fTESTPROGRAM$fTESTPROGRAM Gold$iissue level
=583  \\$acondition reviewed$c20210418$fTESTPROGRAM$fTESTPROGRAM Gold$iissue level
=561  \\$aTESTINST1
=852  0\$aTESTINST1$bHDC$ctestprogram-trust$hE77.8$i.M27x
=866  30$80$ano. 46(1993)-84(2015)

