=LDR  00800    a2200241 n 4500
=001  22838513960003841
=003  TestILS
=004  991011553049703841
=005  20210520081218.04
=007  ta
=008  1306040u\\\\0\\\0001ba\\\0\\\\\\\\\\\\\\
=014  1\$a1568653$bOCoLC
=022  \\$a0361-9621
=035  \\$a(OCoLC)1568653
=035  \\$a(TestILS)c13182973-01asu_inst
=245  00$aExplicación de textos literarios.
=561  \\$aTESTINST1
=561  \\$aTESTINST1
=583  \\$acommitted to retain$c20130604$dDecember 31, 2035$fTESTPROGRAM$fTESTPROGRAM Gold$uhttp://localhost/services/testprogram/docs/TESTPROGRAMProgramStatement.pdf
=583  \\$acompleteness reviewed$c20130604$fTESTPROGRAM$fTESTPROGRAM Gold$iissue-level
=583  \\$acondition reviewed$c20130604$fTESTPROGRAM$fTESTPROGRAM Gold$iissue-level
=852  0\$aTESTINST1$bHDC$ctestprogram-trust$hPQ6001$i.E9x
=866  30$80$a1(1972)-34(2006)
=868  30$80$a1(1972)-7(1977)

