=LDR  00757    a2200229 n 4500
=001  22908485380003841
=003  TestILS
=004  991042411579703841
=005  20210520081217.50
=007  ta
=008  1305290u\\\\0\\\0001ba\\\0\\\\\\\\\\\\\\
=014  1\$a20639733$bOCoLC
=022  \\$a1015-0145
=030  \\$aCHMIEP
=035  \\$a(OCoLC)20639733
=035  \\$a(TestILS)c13181154-01asu_inst
=245  00$aChemical immunology.
=561  \\$aTESTINST1
=583  \\$acommitted to retain$c20130529$dDecember 31, 2035$fTESTPROGRAM$fTESTPROGRAM Gold$uhttp://localhost/services/testprogram/docs/TESTPROGRAMProgramStatement.pdf
=583  \\$acompleteness reviewed$c20130529$fTESTPROGRAM$fTESTPROGRAM Gold$iissue-level
=583  \\$acondition reviewed$c20130529$fTESTPROGRAM$fTESTPROGRAM Gold$iissue-level
=852  0\$aTESTINST1$bHDC$ctestprogram-trust
=866  30$80$a46(1989)-81(2002)

