=LDR  00600    a2200193 n 4500
=001  22902153740003841
=003  TestILS
=004  991037133149703841
=005  20210520081217.99
=007  ta
=008  1705260u\\\\0\\\0001ba\\\0\\\\\\\\\\\\\\
=014  1\$a13188392$bOCoLC
=022  0\$a0887-4034
=035  \\$a(OCoLC)13188392
=035  \\$a(TestILS)c14148079-01asu_inst
=245  00$aCriminal justice policy review.
=561  \\$aTESTINST1
=583  \\$acommitted to retain$c20170526$dDecember 31, 2035$fTESTPROGRAM$fTESTPROGRAM Bronze$uhttp://localhost/services/testprogram/docs/TESTPROGRAMProgramStatement.pdf
=852  0\$aTESTINST1$bHDC$ctestprogram-trust
=866  30$80$a1(1986)-9(1998), 12(2001)-16(2005)

