=LDR  00779    a2200229 n 4500
=001  22909280860003841
=003  TestILS
=004  991022905139703841
=005  20210520081217.76
=007  ta
=008  1505290u\\\\0\\\0001ba\\\0\\\\\\\\\\\\\\
=014  1\$a5881226$bOCoLC
=022  0\$a0197-8535$l0197-8535
=030  \\$aAOOEDF
=035  \\$a(OCoLC)5881226
=035  \\$a(TestILS)c13606499-01asu_inst
=245  00$aApplied optics and optical engineering.
=561  \\$aTESTINST1
=583  \\$acommitted to retain$c20150529$dDecember 31, 2035$fTESTPROGRAM$fTESTPROGRAM Gold$uhttp://localhost/services/testprogram/docs/TESTPROGRAMProgramStatement.pdf
=583  \\$acompleteness reviewed$c20150529$fTESTPROGRAM$fTESTPROGRAM Gold$iissue-level
=583  \\$acondition reviewed$c20150529$fTESTPROGRAM$fTESTPROGRAM Gold$iissue-level
=852  0\$aTESTINST1$bHDC$ctestprogram-trust$hTA1501$i.A66
=866  30$80$a1(1965)-11(1992)

