=LDR  00776nx  a22001931n 4500
=003  TestILS
=004  991032287619703841
=007  ta
=001  221147858710003841
=008  2006305u\\\\0\\\0000ba\\\0\\\\\\
=005  20210520081217.58
=022  \\$a0288-3503
=035  \\$a(OCoLC)9777388
=245  00$aActa Slavica Iaponica.
=583  \\$acommitted to retain$c20200630$dDecember 31, 2035$fTESTPROGRAM$fTESTPROGRAM Gold$uhttp://localhost/services/testprogram/docs/TESTPROGRAMProgramStatement.pdf
=583  \\$acompleteness reviewed$c20200630$fTESTPROGRAM$fTESTPROGRAM Gold$iissue level$lmissing issues$zmissing v.6(1992)-7(1993), v.10(1992), v.34
=583  \\$acondition reviewed$c20200630$fTESTPROGRAM$fTESTPROGRAM Gold$iissue level
=561  \\$aTESTINST1
=852  0\$aTESTINST1$bHDC$ctestprogram-trust$hDJK1$i.A28
=866  30$80$a1(1983)-5(1987), 8(1990)-9(1991), 11(1993)-33(2013), 35(2014)-37(2016)

