=LDR  00692nx  a22001811n 4500
=003  TestILS
=004  991020802689703841
=007  ta
=001  221134371990003841
=008  1912315u\\\\0\\\0000ba\\\0\\\\\\
=005  20210520081217.83
=035  \\$a(OCoLC)4187909
=245  00$aBenn's press directory.
=583  \\$acommitted to retain$c20191231$dDecember 31, 2035$fTESTPROGRAM$fTESTPROGRAM Gold$uhttp://localhost/services/testprogram/docs/TESTPROGRAMProgramStatement.pdf
=583  \\$acompleteness reviewed$c20191231$fTESTPROGRAM$fTESTPROGRAM Gold$iissue level$lmissing issues$zmissing no.129:2(1981) Overseas
=583  \\$acondition reviewed$c20191231$fTESTPROGRAM$fTESTPROGRAM Gold$iissue level
=561  \\$aTESTINST1
=852  0\$aTESTINST1$bHDC$ctestprogram-trust$hPN5118$i.B4x
=866  30$80$ano.126(1978)-133(1985)

