=LDR  00652ny  a22001933n 4500
=001  22921785860003841
=003  TestILS
=004  991027655079703841
=005  20210520081217.81
=007  ta
=008  1501070u\\\\0\\\0001ba\\\0\\\\\\\\\\\\\\
=014  1\$a2266923$bOCoLC
=035  \\$a(OCoLC)2266923
=035  \\$a(TestILS)c13564833-01asu_inst
=245  04$aThe Residential appraiser.
=561  \\$aIYU
=583  \\$acommitted to retain$c20150107$dDecember 31, 2035$fTESTPROGRAM$fTESTPROGRAM Silver$uhttp://localhost/services/testprogram/docs/TESTPROGRAMProgramStatement.pdf
=583  \\$acompleteness reviewed$c20150107$fTESTPROGRAM$fTESTPROGRAM Silver$ivolume-level
=852  0\$aTESTINST1$bHDC$ctestprogram-trust$hHD1387.A1$iR4x
=866  30$80$a22(1956)-28(1962)

