=LDR  00807    a2200217 n 4500
=001  22970111050003841
=003  TestILS
=004  991020827869703841
=005  20210520081217.84
=007  ta
=008  1705010u\\\\0\\\0001ba\\\0\\\\\\\\\\\\\\
=014  1\$a4416505$bOCoLC
=022  \\$a0263-1776
=035  \\$a(OCoLC)4416505
=035  \\$a(TestILS)c14123174-01asu_inst
=245  14$aThe Wellsian :$bjournal of the H.G. Wells Society.
=561  \\$aTESTINST1
=583  \\$acommitted to retain$c20170501$dDecember 31, 2035$fTESTPROGRAM$fTESTPROGRAM Gold$uhttp://localhost/services/testprogram/docs/TESTPROGRAMProgramStatement.pdf
=583  \\$acompleteness reviewed$c20170501$fTESTPROGRAM$fTESTPROGRAM Gold$iissue-level$lmissing issues$zmissing no.23-26
=583  \\$acondition reviewed$c20170501$fTESTPROGRAM$fTESTPROGRAM Gold$iissue-level
=852  0\$aTESTINST1$bHDC$ctestprogram-trust$hPR5776$i.A18x
=866  30$80$an.s. no.1(1976)-22(1999), 27(2004)-31(2008)

