=LDR  00782    a2200241 n 4500
=001  22903318010003841
=003  TestILS
=004  991011638249703841
=005  20210520081217.60
=007  ta
=008  1306040u\\\\0\\\0001ba\\\0\\\\\\\\\\\\\\
=014  1\$a1681180$bOCoLC
=022  \\$a0035-1458
=035  \\$a(OCoLC)1681180
=035  \\$a(TestILS)c13182857-01asu_inst
=245  00$aRevue de linguistique romane.
=561  \\$aTESTINST1
=561  \\$aAZU
=561  \\$aCUZ
=583  \\$acommitted to retain$c20130604$dDecember 31, 2035$fTESTPROGRAM$fTESTPROGRAM Gold$uhttp://localhost/services/testprogram/docs/TESTPROGRAMProgramStatement.pdf
=583  \\$acompleteness reviewed$c20130604$fTESTPROGRAM$fTESTPROGRAM Gold$iissue-level
=583  \\$acondition reviewed$c20130604$fTESTPROGRAM$fTESTPROGRAM Gold$iissue-level
=852  0\$aTESTINST1$bHDC$ctestprogram-trust$hPC2$i.R35
=866  30$80$a1(1925)-69(2005)

