=LDR  00731    a2200217 n 4500
=001  22854177320003841
=003  TestILS
=004  991011832379703841
=005  20210520081217.75
=007  ta
=008  1505150u\\\\0\\\0001ba\\\0\\\\\\\\\\\\\\
=014  1\$a1798196$bOCoLC
=022  \\$a0334-4606
=035  \\$a(OCoLC)1798196
=035  \\$a(TestILS)c13598636-01asu_inst
=245  10$aJahrbuch des Instituts für Deutsche Geschichte.
=561  \\$aTESTINST1
=583  \\$acommitted to retain$c20150515$dDecember 31, 2035$fTESTPROGRAM$fTESTPROGRAM Gold$uhttp://localhost/services/testprogram/docs/TESTPROGRAMProgramStatement.pdf
=583  \\$acompleteness reviewed$c20150515$fTESTPROGRAM$fTESTPROGRAM Gold$iissue-level
=583  \\$acondition reviewed$c20150515$fTESTPROGRAM$fTESTPROGRAM Gold$iissue-level
=852  0\$aTESTINST1$bHDC$ctestprogram-trust
=866  30$80$a1(1972)-15(1986)

