=LDR  00870    a2200241 n 4500
=001  22965774150003841
=003  TestILS
=004  991011719529703841
=005  20210520081217.88
=007  ta
=008  1605010u\\\\0\\\0001ba\\\0\\\\\\\\\\\\\\
=014  1\$a1762929$bOCoLC
=022  \\$a0033-0159
=030  \\$aPRNUD6
=035  \\$a(OCoLC)1762929
=035  \\$a(TestILS)c13793123-01asu_inst
=245  04$aThe Professional nutritionist.
=561  \\$aTESTINST1
=583  \\$acommitted to retain$c20160501$dDecember 31, 2035$fTESTPROGRAM$fTESTPROGRAM Gold$uhttp://localhost/services/testprogram/docs/TESTPROGRAMProgramStatement.pdf
=583  \\$acompleteness reviewed$c20160501$fTESTPROGRAM$fTESTPROGRAM Gold$iissue-level$lmissing volumes$zmissing v.1-2$zmissing issues$zv.15 incomplete; missing v.13:4
=583  \\$acondition reviewed$c20160501$fTESTPROGRAM$fTESTPROGRAM Gold$iissue-level
=852  0\$aTESTINST1$bHDC$ctestprogram-trust
=866  30$80$a3(1971)-15(1983)
=868  30$80$a1(1969)-4(1972)

