=LDR  00745nx  a22001931n 4500
=003  TestILS
=004  991009233819703841
=007  ta
=001  221066541090003841
=008  1805140u\\\\0\\\0000ba\\\0\\\\\\
=005  20210520081217.96
=022  \\$a0191-541X
=035  \\$a(OCoLC)3662625
=245  00$aLighting dimensions.
=583  \\$acommitted to retain$c20180514$dDecember 31, 2035$fTESTPROGRAM$fTESTPROGRAM Silver$uhttp://localhost/services/testprogram/docs/TESTPROGRAMProgramStatement.pdf
=583  \\$acompleteness reviewed$c20180514$fTESTPROGRAM$fTESTPROGRAM Silver$ivolume level$lmissing volumes$zmissing v.2:8; v.3:2,6; v.4:1-4,6-12; v.5-19; v.20:1,3-12; v.21-23
=561  \\$aTESTINST1
=852  0\$aTESTINST1$bHDC$ctestprogram-trust$hPN2091 .E4 L54
=866  30$80$a1(1977)-4(1980), 20(1996), 24(2000)-29(2005)
=867  30$80$a24(2000)-27(2003)

