=LDR  00844    a2200229 n 4500
=001  22854152190003841
=003  TestILS
=004  991011832289703841
=005  20210520081217.75
=007  ta
=008  1308280u\\\\0\\\0001ba\\\0\\\\\\\\\\\\\\
=014  1\$a1798180$bOCoLC
=022  \\$a0095-5515
=035  \\$a(OCoLC)1798180
=035  \\$a(TestILS)c13245685-01asu_inst
=245  10$aOccupational safety & health cases.
=561  \\$aAZC
=583  \\$acommitted to retain$c20130828$dDecember 31, 2035$fTESTPROGRAM$fTESTPROGRAM Gold$uhttp://localhost/services/testprogram/docs/TESTPROGRAMProgramStatement.pdf
=583  \\$acompleteness reviewed$c20130828$fTESTPROGRAM$fTESTPROGRAM Gold$iissue-level$lmissing volumes$zmissing vols. 17-20
=583  \\$acondition reviewed$c20130828$fTESTPROGRAM$fTESTPROGRAM Gold$iissue-level
=852  0\$aTESTINST1$bHDC$ctestprogram-trust$hKF3570.A1$iO26
=866  30$80$a1(1972)-16(1994)
=868  30$80$a1(1972)-5(1977), 11(1983)-16(1993/1994)

