=LDR  00576nx  a22001691n 4500
=003  TestILS
=004  991020867669703841
=007  ta
=001  221100846550003841
=008  1902190u\\\\0\\\0000ba\\\0\\\\\\
=005  20210520081217.85
=035  \\$a(OCoLC)4814149
=245  00$aA.L.A. booklist /$cAmerican Library Association Publishing Board.
=583  \\$acommitted to retain$c20190219$dDecember 31, 2035$fTESTPROGRAM$fTESTPROGRAM Silver$uhttp://localhost/services/testprogram/docs/TESTPROGRAMProgramStatement.pdf
=583  \\$acompleteness reviewed$c20190219$fTESTPROGRAM$fTESTPROGRAM Silver$ivolume level
=561  \\$aTESTINST1
=852  0\$aTESTINST1$bHDC$ctestprogram-trust$hZ1035$i.A49
=866  30$80$a7(1910/1911)-13(1916/1917)

