=LDR  00725nx  a22001811n 4500
=003  TestILS
=004  991011644239703841
=007  ta
=001  221067304370003841
=008  1805140u\\\\0\\\0000ba\\\0\\\\\\
=005  20210520081217.60
=022  \\$a0039-5919
=035  \\$a(OCoLC)1696243
=245  00$aSupervisory management.
=583  \\$acommitted to retain$c20180514$dDecember 31, 2035$fTESTPROGRAM$fTESTPROGRAM Silver$uhttp://localhost/services/testprogram/docs/TESTPROGRAMProgramStatement.pdf
=583  \\$acompleteness reviewed$c20180514$fTESTPROGRAM$fTESTPROGRAM Silver$ivolume level$lmissing volumes$zmissing v.1; v.8; v.12-13; v.19-20; v.30:6; v.31:4
=561  \\$aTESTINST1
=852  0\$aTESTINST1$bHDC$ctestprogram-trust$hHF5549 .A2 S9x
=866  30$80$a2(1956)-7(1962), 9(1964)-11(1966), 14(1969)-18(1973), 21(1976)-31, no.5(1985)

