=LDR  00708ny  a22002173n 4500
=001  22817344800003841
=003  TestILS
=004  991028906059703841
=005  20210520081218.19
=007  ta
=008  1207100u\\\\0\\\0001ba\\\0\\\\\\\\\\\\\\
=014  1\$a6868805$bOCoLC
=022  0\$a1535-3990$l1535-3990
=035  \\$a(OCoLC)6868805
=035  \\$a(TestILS)c12809512-01asu_inst
=245  04$aThe journal of the Academy of Management.
=561  \\$aUBY
=561  \\$aSTA
=583  \\$acommitted to retain$c20120711$dDecember 31, 2035$fTESTPROGRAM$fTESTPROGRAM Silver$uhttp://localhost/services/testprogram/docs/TESTPROGRAMProgramStatement.pdf
=583  \\$acompleteness reviewed$c20120711$fTESTPROGRAM$fTESTPROGRAM Silver$ivolume-level
=852  0\$aTESTINST1$bHDC$ctestprogram-trust$hHD28$i.A24
=866  30$80$a1(1958)-5(1962)

