=LDR  00737ny  a22002053n 4500
=001  22878242250003841
=003  TestILS
=004  991045519279703841
=005  20210520081218.07
=007  ta
=008  1405080u\\\\0\\\0001ba\\\0\\\\\\\\\\\\\\
=014  1\$a45230842$bOCoLC
=022  \\$a1498-0940
=035  \\$a(OCoLC)45230842
=035  \\$a(TestILS)c13403643-01asu_inst
=245  00$aPhysical & health education journal.
=561  \\$aTESTINST1
=583  \\$acommitted to retain$c20140508$dDecember 31, 2035$fTESTPROGRAM$fTESTPROGRAM Silver$uhttp://localhost/services/testprogram/docs/TESTPROGRAMProgramStatement.pdf
=583  \\$acompleteness reviewed$c20140508$fTESTPROGRAM$fTESTPROGRAM Silver$ivolume-level$lmissing volumes$zmissing v.68-69
=852  0\$aTESTINST1$bHDC$ctestprogram-trust$hGV201$i.C35x
=866  30$80$a66, no.3(2000)-67(2001), 70(2004)-71(2006)

