=LDR  00695nx  a22001931n 4500
=003  TestILS
=004  991018869009703841
=007  ta
=001  221158704570003841
=008  2104185u\\\\0\\\0000ba\\\0\\\\\\
=005  20210520081217.72
=022  \\$a0163-9412
=035  \\$a(OCoLC)4177483
=245  10$aAdvertising world.
=583  \\$acommitted to retain$c20210418$d20351231$fTESTPROGRAM$fTESTPROGRAM Gold$uhttp://localhost/services/testprogram/docs/TESTPROGRAMProgramStatement.pdf
=583  \\$acompleteness reviewed$c20210418$fTESTPROGRAM$fTESTPROGRAM Gold$iissue level$lmissing issues$zmissing (1974)-(1982)
=583  \\$acondition reviewed$c20210418$fTESTPROGRAM$fTESTPROGRAM Gold$iissue level
=561  \\$aTESTINST1
=852  0\$aTESTINST1$bHDC$ctestprogram-trust$hHF5801$i.A43x
=866  30$80$a10(1983)-12(1985)

