=LDR  00682ny  a22002053n 4500
=001  22887147580003841
=003  TestILS
=004  991012711019703841
=005  20210520081217.62
=007  ta
=008  1705080u\\\\0\\\0001ba\\\0\\\\\\\\\\\\\\
=014  1\$a4918715$bOCoLC
=035  \\$a(OCoLC)4918715
=035  \\$a(TestILS)c14146976-01asu_inst
=245  00$aPoetry nation review.
=561  \\$aTESTINST1
=583  \\$acommitted to retain$c20170508$dDecember 31, 2035$fTESTPROGRAM$fTESTPROGRAM Silver$uhttp://localhost/services/testprogram/docs/TESTPROGRAMProgramStatement.pdf
=583  \\$acompleteness reviewed$c20170508$fTESTPROGRAM$fTESTPROGRAM Silver$ivolume-level
=852  0\$aTESTINST1$bHDC$ctestprogram-trust$hPN6099.6$i.P63x
=866  30$80$a6, no.1(1979)
=868  30$80$a6, no.1(1979)

