=LDR  00663ny  a22002053n 4500
=001  22863463610003841
=003  TestILS
=004  991007525959703841
=005  20210520081217.49
=007  ta
=008  1306130u\\\\0\\\0001ba\\\0\\\\\\\\\\\\\\
=014  1\$a26025417$bOCoLC
=022  \\$a0968-1361
=035  \\$a(OCoLC)26025417
=035  \\$a(TestILS)c13185469-01asu_inst
=245  00$aTranslation and literature.
=561  \\$aTESTINST1
=583  \\$acommitted to retain$c20130613$dDecember 31, 2035$fTESTPROGRAM$fTESTPROGRAM Silver$uhttp://localhost/services/testprogram/docs/TESTPROGRAMProgramStatement.pdf
=583  \\$acompleteness reviewed$c20130613$fTESTPROGRAM$fTESTPROGRAM Silver$ivolume-level
=852  0\$aTESTINST1$bHDC$ctestprogram-trust
=866  30$80$a1(1992)-14(2005)

