=LDR  00744ny  a22002173n 4500
=001  22827671680003841
=003  TestILS
=004  991011798759703841
=005  20210520081217.98
=007  ta
=008  1305240u\\\\0\\\0001ba\\\0\\\\\\\\\\\\\\
=014  1\$a1784808$bOCoLC
=022  \\$a0090-2268
=030  \\$aLHCHD2
=035  \\$a(OCoLC)1784808
=035  \\$a(TestILS)c13181099-01asu_inst
=245  00$aLectures in heterocyclic chemistry.
=561  \\$aTESTINST1
=583  \\$acommitted to retain$c20130528$dDecember 31, 2035$fTESTPROGRAM$fTESTPROGRAM Silver$uhttp://localhost/services/testprogram/docs/TESTPROGRAMProgramStatement.pdf
=583  \\$acompleteness reviewed$c20130528$fTESTPROGRAM$fTESTPROGRAM Silver$ivolume-level$lbinding patterns vary$zv.1-5 bound together as single piece
=852  0\$aTESTINST1$bHDC$ctestprogram-trust
=866  30$80$a1(1972)-9(1987)

