=LDR  00803nx  a22001931n 4500
=003  TestILS
=004  991011473619703841
=007  ta
=001  221045710320003841
=008  1711150u\\\\0\\\0000ba\\\0\\\\\\
=005  20210520081217.67
=022  \\$a0743-877X
=035  \\$a(OCoLC)1480489
=245  10$aProceedings of the American Numismatic Society, annual meeting.
=583  \\$acommitted to retain$c20171115$dDecember 31, 2035$fTESTPROGRAM$fTESTPROGRAM Gold$uhttp://localhost/services/testprogram/docs/TESTPROGRAMProgramStatement.pdf
=583  \\$acompleteness reviewed$c20171115$fTESTPROGRAM$fTESTPROGRAM Gold$iissue level$lmissing issues$zmissing 1901, 1921-1923, 1926, 1938-1948, 1950-1952, 1957-1959, 1961-1962
=583  \\$acondition reviewed$c20171115$fTESTPROGRAM$fTESTPROGRAM Gold$iissue level
=561  \\$aTESTINST1
=852  0\$aTESTINST1$bHDC$ctestprogram-trust$hCJ15  .A6
=866  30$80$a44(1902), 59(1917), 76(1934), 91(1949), 95(1953)-98(1956), 102(1960)

