=LDR  00660ny  a22002053n 4500
=001  22939844540003841
=003  TestILS
=004  991011694019703841
=005  20210520081217.86
=007  ta
=008  1206220u\\\\0\\\0001ba\\\0\\\\\\\\\\\\\\
=014  1\$a1756589$bOCoLC
=022  \\$a0542-4917
=035  \\$a(OCoLC)1756589
=035  \\$a(TestILS)c12806511-01asu_inst
=245  10$aManagement technology :$bmonograph of the Institute of Management Sciences.
=561  \\$aTESTINST1
=583  \\$acommitted to retain$c20120622$dDecember 31, 2035$fTESTPROGRAM$fTESTPROGRAM Silver$uhttp://localhost/services/testprogram/docs/TESTPROGRAMProgramStatement.pdf
=583  \\$acompleteness reviewed$c20120622$fTESTPROGRAM$fTESTPROGRAM Silver$ivolume-level
=852  0\$aTESTINST1$bHDC$ctestprogram-trust
=866  30$80$a1(1960)-4(1964)

