=LDR  00689nx  a22001931n 4500
=003  TestILS
=004  991018860399703841
=007  ta
=001  221115172820003841
=008  1908165u\\\\0\\\0000ba\\\0\\\\\\
=005  20210520081217.72
=022  \\$a0272-0930
=035  \\$a(OCoLC)4096909
=245  10$aCommunication graphics.
=583  \\$acommitted to retain$c20190823$dDecember 31, 2035$fTESTPROGRAM$fTESTPROGRAM Gold$uhttp://localhost/services/testprogram/docs/TESTPROGRAMProgramStatement.pdf
=583  \\$acompleteness reviewed$c20190823$fTESTPROGRAM$fTESTPROGRAM Gold$iissue level
=583  \\$acondition reviewed$c20190823$fTESTPROGRAM$fTESTPROGRAM Gold$iissue level
=561  \\$aTESTINST1
=852  0\$aTESTINST1$bHDC$ctestprogram-trust$hNC998.5.A1$iA43x
=866  30$80$a(1967)-(1969), (1970/1971)-(1978/1979)

