=LDR  00836    a2200217 n 4500
=001  22963169290003841
=003  TestILS
=004  991005908829703841
=005  20210520081218.17
=007  ta
=008  1605010u\\\\0\\\0001ba\\\0\\\\\\\\\\\\\\
=014  1\$a853358$bOCoLC
=022  \\$a0017-095X
=035  \\$a(OCoLC)853358
=035  \\$a(TestILS)c13790948-01asu_inst
=245  00$aGlasnik matematički.
=561  \\$aTESTINST1
=583  \\$acommitted to retain$c20160501$dDecember 31, 2035$fTESTPROGRAM$fTESTPROGRAM Gold$uhttp://localhost/services/testprogram/docs/TESTPROGRAMProgramStatement.pdf
=583  \\$acompleteness reviewed$c20160501$fTESTPROGRAM$fTESTPROGRAM Gold$iissue-level$lmissing volumes$zmissing v.25-34, 36$lmissing issues$zmissing v.16:1, v.20:1
=583  \\$acondition reviewed$c20160501$fTESTPROGRAM$fTESTPROGRAM Gold$iissue-level
=852  0\$aTESTINST1$bHDC$ctestprogram-trust
=866  30$80$a1(1966)-24(1989), 35(2000), 37(2002)-40(2005)

