=LDR  00754ny  a22002173n 4500
=001  22870712060003841
=003  TestILS
=004  991011875569703841
=005  20210520081217.65
=007  ta
=008  1404160u\\\\0\\\0001ba\\\0\\\\\\\\\\\\\\
=014  1\$a2128788$bOCoLC
=022  0\$a0048-9409
=035  \\$a(OCoLC)2128788
=035  \\$a(TestILS)c13382305-01asu_inst
=245  04$aThe School guidance worker.
=561  \\$aTESTINST1
=561  \\$aOKU
=583  \\$acommitted to retain$c20140416$dDecember 31, 2035$fTESTPROGRAM$fTESTPROGRAM Silver$uhttp://localhost/services/testprogram/docs/TESTPROGRAMProgramStatement.pdf
=583  \\$acompleteness reviewed$c20140416$fTESTPROGRAM$fTESTPROGRAM Silver$ivolume-level$lmissing volumes$zmissing vols. 1-10, 12-15
=852  0\$aTESTINST1$bHDC$ctestprogram-trust
=866  30$80$a11(1955), 16(1960)-40(1984/1985)40(1984/1985)

