=LDR  00662nx  a22001931n 4500
=003  TestILS
=004  991011928759703841
=007  ta
=001  221046051520003841
=008  1711270u\\\\0\\\0000ba\\\0\\\\\\
=005  20210520081217.61
=022  \\$a0070-0878
=035  \\$a(OCoLC)2259890
=245  00$aCOWA surveys and bibliographies.$nArea 15,$pWestern Asia.
=583  \\$acommitted to retain$c20171127$dDecember 31, 2035$fTESTPROGRAM$fTESTPROGRAM Gold$uhttp://localhost/services/testprogram/docs/TESTPROGRAMProgramStatement.pdf
=583  \\$acompleteness reviewed$c20171127$fTESTPROGRAM$fTESTPROGRAM Gold$iissue level
=583  \\$acondition reviewed$c20171127$fTESTPROGRAM$fTESTPROGRAM Gold$iissue level
=561  \\$aTESTINST1
=852  0\$aTESTINST1$bHDC$ctestprogram-trust$hCC1 .C27x
=866  30$80$ano.1(1957)-3(1966)

