=LDR  00581    a2200193 n 4500
=001  22868210500003841
=003  TestILS
=004  991010192289703841
=005  20210520081217.70
=007  ta
=008  1306140u\\\\0\\\0001ba\\\0\\\\\\\\\\\\\\
=014  1\$a29541809$bOCoLC
=022  0\$a1073-886X
=035  \\$a(OCoLC)29541809
=035  \\$a(TestILS)c13185962-01asu_inst
=245  00$aAddictions nursing.
=561  \\$aTESTINST1
=583  \\$acommitted to retain$c20130614$dDecember 31, 2035$fTESTPROGRAM$fTESTPROGRAM Bronze$uhttp://localhost/services/testprogram/docs/TESTPROGRAMProgramStatement.pdf
=852  0\$aTESTINST1$bHDC$ctestprogram-trust
=866  30$80$a6(1994)-7(1995)

