=LDR  00675ny  a22002053n 4500
=001  22961119820003841
=003  TestILS
=004  991014162069703841
=005  20210520081217.92
=007  ta
=008  1206210u\\\\0\\\0001ba\\\0\\\\\\\\\\\\\\
=014  1\$a2340968$bOCoLC
=022  \\$a0885-4173
=035  \\$a(OCoLC)2340968
=035  \\$a(TestILS)c12806389-01asu_inst
=245  00$aJournal of the American Institute of Criminal Law and Criminology.
=561  \\$aTESTINST1
=583  \\$acommitted to retain$c20120621$dDecember 31, 2035$fTESTPROGRAM$fTESTPROGRAM Silver$uhttp://localhost/services/testprogram/docs/TESTPROGRAMProgramStatement.pdf
=583  \\$acompleteness reviewed$c20120621$fTESTPROGRAM$fTESTPROGRAM Silver$ivolume-level
=852  0\$aTESTINST1$bHDC$ctestprogram-trust$hHV6001$i.J68
=866  30$80$a1(1910)-21(1931)

