=LDR  00796    a2200229 n 4500
=001  22967072180003841
=003  TestILS
=004  991011743109703841
=005  20210520081217.48
=007  ta
=008  1605200u\\\\0\\\0001ba\\\0\\\\\\\\\\\\\\
=014  1\$a1767375$bOCoLC
=022  \\$a0040-490X
=035  \\$a(OCoLC)1767375
=035  \\$a(TestILS)c13831616-01asu_inst
=245  00$aTextile chemist and colorist.
=561  \\$aTESTINST1
=561  \\$aUUS
=583  \\$acommitted to retain$c20160520$dDecember 31, 2035$fTESTPROGRAM$fTESTPROGRAM Gold$uhttp://localhost/services/testprogram/docs/TESTPROGRAMProgramStatement.pdf
=583  \\$acompleteness reviewed$c20160520$fTESTPROGRAM$fTESTPROGRAM Gold$iissue-level$lmissing issues$zmissing v.1:11
=583  \\$acondition reviewed$c20160520$fTESTPROGRAM$fTESTPROGRAM Gold$iissue-level
=852  0\$aTESTINST1$bHDC$ctestprogram-trust$hTP890$i.T28
=866  30$80$a1(1969)-31(1999)

