=LDR  00710ny  a22002053n 4500
=001  22834275880003841
=003  TestILS
=004  991011800819703841
=005  20210520081217.98
=007  ta
=008  1311110u\\\\0\\\0001ba\\\0\\\\\\\\\\\\\\
=014  1\$a1785563$bOCoLC
=022  \\$a0033-1538
=035  \\$a(OCoLC)1785563
=035  \\$a(TestILS)c13280338-01asu_inst
=245  00$aProspects.
=561  \\$aTESTINST1
=583  \\$acommitted to retain$c20131111$dDecember 31, 2035$fTESTPROGRAM$fTESTPROGRAM Silver$uhttp://localhost/services/testprogram/docs/TESTPROGRAMProgramStatement.pdf
=583  \\$acompleteness reviewed$c20131111$fTESTPROGRAM$fTESTPROGRAM Silver$ivolume-level$lmissing volumes$zmissing vols. 34-35
=852  0\$aTESTINST1$bHDC$ctestprogram-trust$hL10$i.P7x
=866  30$80$a2(1972)-33(2003)

