=LDR  00809    a2200217 n 4500
=001  22854640650003841
=003  TestILS
=004  991011859339703841
=005  20210520081217.38
=007  ta
=008  1705080u\\\\0\\\0001ba\\\0\\\\\\\\\\\\\\
=014  1\$a2037352$bOCoLC
=022  \\$a0048-1742
=035  \\$a(OCoLC)2037352
=035  \\$a(TestILS)c14132059-01asu_inst
=245  00$aArch notes.
=561  \\$aTESTINST1
=583  \\$acommitted to retain$c20170508$dDecember 31, 2035$fTESTPROGRAM$fTESTPROGRAM Gold$uhttp://localhost/services/testprogram/docs/TESTPROGRAMProgramStatement.pdf
=583  \\$acompleteness reviewed$c20170508$fTESTPROGRAM$fTESTPROGRAM Gold$iissue-level$lmissing volumes$zmissing 1962-1995; n.s.v.1-2$lmissing issues$zmissing v.7:2
=583  \\$acondition reviewed$c20170508$fTESTPROGRAM$fTESTPROGRAM Gold$iissue-level
=852  0\$aTESTINST1$bHDC$ctestprogram-trust
=866  30$80$a3(1998)-11(2006)

