=LDR  00745ny  a22002293n 4500
=001  22870749730003841
=003  TestILS
=004  991030524549703841
=005  20210520081217.46
=007  ta
=008  1508170u\\\\0\\\0001ba\\\0\\\\\\\\\\\\\\
=014  1\$a1586265$bOCoLC
=022  \\$a0045-5083$l0045-5083
=035  \\$a(OCoLC)1586265
=035  \\$a(TestILS)c13646515-01asu_inst
=245  00$aCanadian journal of otolaryngology.$bJournal canadien d'otolaryngologie.
=561  \\$aCUS
=583  \\$acommitted to retain$c20150817$dDecember 31, 2035$fTESTPROGRAM$fTESTPROGRAM Silver$uhttp://localhost/services/testprogram/docs/TESTPROGRAMProgramStatement.pdf
=583  \\$acompleteness reviewed$c20150817$fTESTPROGRAM$fTESTPROGRAM Silver$ivolume-level
=852  0\$aTESTINST1$bHDC$ctestprogram-trust$hRF1$i.J682
=866  30$80$a1(1972)-4(1975)
=867  30$80$a3(1974)
=868  30$80$a1(1972)-4(1975)

