=LDR  00593nx  a22001811n 4500
=003  TestILS
=004  991025101809703841
=007  ta
=001  221100509430003841
=008  1902120u\\\\0\\\0000ba\\\0\\\\\\
=005  20210520081217.41
=022  \\$a0039-8241
=035  \\$a(OCoLC)6457012
=245  00$aTappi.
=583  \\$acommitted to retain$c20190212$dDecember 31, 2035$fTESTPROGRAM$fTESTPROGRAM Silver$uhttp://localhost/services/testprogram/docs/TESTPROGRAMProgramStatement.pdf
=583  \\$acompleteness reviewed$c20190211$fTESTPROGRAM$fTESTPROGRAM Silver$ivolume level
=561  \\$aTESTINST1
=852  0\$aTESTINST1$bHDC$ctestprogram-trust$hTS1080$i.T3
=866  30$80$a52(1969)-65(1982)

