=LDR  00667nx  a22001931n 4500
=003  TestILS
=004  991018838909703841
=007  ta
=001  221128992780003841
=008  1908165u\\\\0\\\0000ba\\\0\\\\\\
=005  20210520081217.71
=022  \\$a0278-1506
=035  \\$a(OCoLC)3813878
=245  00$aAnnual guide to management compensation.
=583  \\$acommitted to retain$c20190923$dDecember 31, 2035$fTESTPROGRAM$fTESTPROGRAM Gold$uhttp://localhost/services/testprogram/docs/TESTPROGRAMProgramStatement.pdf
=583  \\$acompleteness reviewed$c20190923$fTESTPROGRAM$fTESTPROGRAM Gold$iissue level
=583  \\$acondition reviewed$c20190923$fTESTPROGRAM$fTESTPROGRAM Gold$iissue level
=561  \\$aTESTINST1
=852  0\$aTESTINST1$bHDC$ctestprogram-trust$hHD4965.5.U6$iA3x
=866  30$80$a9(1981)-14(1986)

