=LDR  00750nx  a22001931n 4500
=003  TestILS
=004  991030558479703841
=007  ta
=001  221147858760003841
=008  2006305u\\\\0\\\0000ba\\\0\\\\\\
=005  20210520081217.47
=022  \\$a0751-5022
=035  \\$a(OCoLC)8898757
=245  00$aCorps écrit.
=583  \\$acommitted to retain$c20200630$dDecember 31, 2035$fTESTPROGRAM$fTESTPROGRAM Gold$uhttp://localhost/services/testprogram/docs/TESTPROGRAMProgramStatement.pdf
=583  \\$acompleteness reviewed$c20200630$fTESTPROGRAM$fTESTPROGRAM Gold$iissue level$lmissing issues$zmissing no. 17(1985)-20(1987), 29(1989)-36(1991)
=583  \\$acondition reviewed$c20200630$fTESTPROGRAM$fTESTPROGRAM Gold$iissue level
=561  \\$aTESTINST1
=852  0\$aTESTINST1$bHDC$ctestprogram-trust$hAP20$i.C75
=866  30$80$ano. 1(1982)-16(1985), 21(1987)-28(1988)

