=LDR  00580ny  a22001933n 4500
=001  22946223010003841
=003  TestILS
=004  991018959549703841
=005  20210520081217.72
=007  ta
=008  1205030u\\\\0\\\0001ba\\\0\\\\\\\\\\\\\\
=014  1\$a3463117$bOCoLC
=022  \\$a0362-546X
=035  \\$a(OCoLC)3463117
=035  \\$a(TestILS)c12690247-01asu_inst
=245  00$aNonlinear analysis :$btheory, methods & applications.
=561  \\$aTESTINST1
=583  \\$acommitted to retain$c20120503$dDecember 31, 2035$fTESTPROGRAM$fTESTPROGRAM Bronze$uhttp://localhost/services/testprogram/docs/TESTPROGRAMProgramStatement.pdf
=852  0\$aTESTINST1$bHDC$ctestprogram-trust
=866  30$80$a1(1976)-46(2001)

