=LDR  00666nx  a22001931n 4500
=003  TestILS
=004  991004846159703841
=007  ta
=001  221067304240003841
=008  1805140u\\\\0\\\0000ba\\\0\\\\\\
=005  20210520081218.09
=022  \\$a1055-9760
=035  \\$a(OCoLC)23436259
=245  10$aTraining & development.
=583  \\$acommitted to retain$c20180514$dDecember 31, 2035$fTESTPROGRAM$fTESTPROGRAM Silver$uhttp://localhost/services/testprogram/docs/TESTPROGRAMProgramStatement.pdf
=583  \\$acompleteness reviewed$c20180514$fTESTPROGRAM$fTESTPROGRAM Silver$ivolume level
=561  \\$aTESTINST1
=852  0\$aTESTINST1$bHDC$ctestprogram-trust$hHF5549.5 .T7 A6
=866  30$80$a45, no.5(1991)-48(1994), 50(1996)-55, no.4(2001)
=867  30$80$a52(1998)-54(2000)

