=LDR  00663nx  a22001931n 4500
=003  TestILS
=004  991011743379703841
=007  ta
=001  221154736620003841
=008  2104185u\\\\0\\\0000ba\\\0\\\\\\
=005  20210520081217.48
=022  \\$a0040-5485
=035  \\$a(OCoLC)1767404
=245  00$aTheatre documentation.
=583  \\$acommitted to retain$c20210418$d20351231$fTESTPROGRAM$fTESTPROGRAM Gold$uhttp://localhost/services/testprogram/docs/TESTPROGRAMProgramStatement.pdf
=583  \\$acompleteness reviewed$c20210418$fTESTPROGRAM$fTESTPROGRAM Gold$iissue level
=583  \\$acondition reviewed$c20210418$fTESTPROGRAM$fTESTPROGRAM Gold$iissue level
=561  \\$aTESTINST1
=852  0\$aTESTINST1$bHDC$ctestprogram-trust$hPN1560$i.T398
=866  30$80$a1(1968)-4, no.1(1971/72)

