=LDR  00680ny  a22002173n 4500
=001  22963874570003841
=003  TestILS
=004  991011733779703841
=005  20210520081217.48
=007  ta
=008  1306030u\\\\0\\\0001ba\\\0\\\\\\\\\\\\\\
=014  1\$a1765714$bOCoLC
=022  \\$a0037-8240
=035  \\$a(OCoLC)1765714
=035  \\$a(TestILS)c13182304-01asu_inst
=245  00$aSocialist revolution.
=561  \\$aTESTINST1
=561  \\$aAZU
=583  \\$acommitted to retain$c20130603$dDecember 31, 2035$fTESTPROGRAM$fTESTPROGRAM Silver$uhttp://localhost/services/testprogram/docs/TESTPROGRAMProgramStatement.pdf
=583  \\$acompleteness reviewed$c20130603$fTESTPROGRAM$fTESTPROGRAM Silver$ivolume-level
=852  0\$aTESTINST1$bHDC$ctestprogram-trust
=866  30$80$a1(1970)-7(1977)

