=LDR  00596nx  a22001811n 4500
=003  TestILS
=004  991048349895303841
=007  ta
=001  221098639970003841
=008  1901110u\\\\0\\\0000ba\\\0\\\\\\
=005  20210520081217.40
=022  \\$a1065-2086
=035  \\$a(OCoLC)30121487
=245  00$aHEPC syllabus.
=583  \\$acommitted to retain$c20190111$dDecember 31, 2035$fTESTPROGRAM$fTESTPROGRAM Silver$uhttp://localhost/services/testprogram/docs/TESTPROGRAMProgramStatement.pdf
=583  \\$acompleteness reviewed$c20180111$fTESTPROGRAM$fTESTPROGRAM Silver$ivolume level
=561  \\$aNTD
=852  0\$aTESTINST1$bHDC$ctestprogram-trust$hLB1028.43$i.H54
=866  30$80$a3, no.3-8(1994)

