=LDR  00781    a2200217 n 4500
=001  22969224360003841
=003  TestILS
=004  991011486019703841
=005  20210520081217.68
=007  ta
=008  1404160u\\\\0\\\0001ba\\\0\\\\\\\\\\\\\\
=014  1\$a1487597$bOCoLC
=022  \\$a0047-8989
=035  \\$a(OCoLC)1487597
=035  \\$a(TestILS)c13401865-01asu_inst
=245  10$aNOLPE school law journal.
=561  \\$aTESTINST1
=583  \\$acommitted to retain$c20140416$dDecember 31, 2035$fTESTPROGRAM$fTESTPROGRAM Gold$uhttp://localhost/services/testprogram/docs/TESTPROGRAMProgramStatement.pdf
=583  \\$acompleteness reviewed$c20140416$fTESTPROGRAM$fTESTPROGRAM Gold$iissue-level$lmissing volumes$zmissing vol. 4
=583  \\$acondition reviewed$c20140416$fTESTPROGRAM$fTESTPROGRAM Gold$iissue-level
=852  0\$aTESTINST1$bHDC$ctestprogram-trust
=866  30$80$a1(1970)-3(1973), 5(1975)-11(1983)

