=LDR  00676ny  a22002053n 4500
=001  22928133290003841
=003  TestILS
=004  991032325979703841
=005  20210520081218.04
=007  ta
=008  1705080u\\\\0\\\0001ba\\\0\\\\\\\\\\\\\\
=014  1\$a10310559$bOCoLC
=022  0\$a0820-9529
=035  \\$a(OCoLC)10310559
=035  \\$a(TestILS)c14146782-01asu_inst
=245  00$aCanadian business magazine.
=561  \\$aTESTINST1
=583  \\$acommitted to retain$c20170508$dDecember 31, 2035$fTESTPROGRAM$fTESTPROGRAM Silver$uhttp://localhost/services/testprogram/docs/TESTPROGRAMProgramStatement.pdf
=583  \\$acompleteness reviewed$c20170508$fTESTPROGRAM$fTESTPROGRAM Silver$ivolume-level
=852  0\$aTESTINST1$bHDC$ctestprogram-trust
=866  30$80$a45, no.6(1972)-50, no.8(1977)

