=LDR  00650nx  a22001931n 4500
=003  TestILS
=004  991035484819703841
=007  ta
=001  221171329290003841
=008  2105110u\\\\0\\\0000ba\\\0\\\\\\
=005  20210520081218.02
=022  \\$a1041-973X
=035  \\$a(OCoLC)12031035
=245  04$aThe Hulbert financial digest annual review of investment newsletters /$cMark Hulbert [and] Joel Bludman Wittenborg.
=583  \\$acommitted to retain$c20210511$d20351231$fTESTPROGRAM$fTESTPROGRAM Gold$uhttp://localhost/services/testprogram/docs/TESTPROGRAMProgramStatement.pdf
=583  \\$acompleteness reviewed$c20210511$fTESTPROGRAM$fTESTPROGRAM Gold$iissue level
=583  \\$acondition reviewed$c20210511$fTESTPROGRAM$fTESTPROGRAM Gold$iissue level
=561  \\$aTESTINST1
=852  0\$aTESTINST1$bHDC$ctestprogram-trust$hHG4501$i.H85
=866  30$80$ano. 1(1985)

