=LDR  00661nx  a22001931n 4500
=003  TestILS
=004  991046370919703841
=007  ta
=001  221126706980003841
=008  1908165u\\\\0\\\0000ba\\\0\\\\\\
=005  20210520081217.73
=022  \\$a1615-0341
=035  \\$a(OCoLC)43189495
=245  10$aPantheon.
=583  \\$acommitted to retain$c20190923$dDecember 31, 2035$fTESTPROGRAM$fTESTPROGRAM Gold$uhttp://localhost/services/testprogram/docs/TESTPROGRAMProgramStatement.pdf
=583  \\$acompleteness reviewed$c20190923$fTESTPROGRAM$fTESTPROGRAM Gold$iissue level
=583  \\$acondition reviewed$c20190923$fTESTPROGRAM$fTESTPROGRAM Gold$iissue level
=561  \\$aTESTINST1
=852  0\$aTESTINST1$bHDC$ctestprogram-trust$hN3$i.P3x
=866  30$80$a57(1999)-58(2000)

