=LDR  00611nx  a22001691n 4500
=003  TestILS
=004  991000984979703841
=007  ta
=001  221157079920003841
=008  2011180u\\\\0\\\0000ba\\\0\\\\\\
=005  20210520081217.78
=035  \\$a(OCoLC)35039438
=245  00$aManagers handbook.
=583  \\$acommitted to retain$c20201118$dDecember 31, 2035$fTESTPROGRAM$fTESTPROGRAM Silver$uhttp://localhost/services/testprogram/docs/TESTPROGRAMProgramStatement.pdf
=583  \\$acompleteness reviewed$c20201118$fTESTPROGRAM$fTESTPROGRAM Silver$ivolume level$lmissing volumes$zmissing v.1:1(1996)
=561  \\$aTESTINST1
=852  0\$aTESTINST1$bHDC$ctestprogram-trust$hHD28$i.M445x
=866  30$80$a1(1996)-3, no.1(1998)

