=LDR  00608nx  a22001811n 4500
=003  TestILS
=004  991010171889703841
=007  ta
=001  221114377500003841
=008  1908090u\\\\0\\\0000ba\\\0\\\\\\
=005  20210520081217.96
=022  \\$a1070-4051
=035  \\$a(OCoLC)28270179
=245  00$aManaging office technology.
=583  \\$acommitted to retain$c20190809$dDecember 31, 2035$fTESTPROGRAM$fTESTPROGRAM Silver$uhttp://localhost/services/testprogram/docs/TESTPROGRAMProgramStatement.pdf
=583  \\$acompleteness reviewed$c20190809$fTESTPROGRAM$fTESTPROGRAM Silver$ivolume level
=561  \\$aTESTINST1
=852  0\$aTESTINST1$bHDC$ctestprogram-trust$hHF5547.A2$iM6
=866  30$80$a38, no.6(1993)-43, no.7(1998)

