=LDR  00789    a2200217 n 4500
=001  22948163350003841
=003  TestILS
=004  991020148349703841
=005  20210520081217.82
=007  ta
=008  1705080u\\\\0\\\0001ba\\\0\\\\\\\\\\\\\\
=014  1\$a3910704$bOCoLC
=022  \\$a0388-0796
=035  \\$a(OCoLC)3910704
=035  \\$a(TestILS)c14129577-01asu_inst
=245  04$aThe Renaissance bulletin.
=561  \\$aTESTINST1
=583  \\$acommitted to retain$c20170508$dDecember 31, 2035$fTESTPROGRAM$fTESTPROGRAM Gold$uhttp://localhost/services/testprogram/docs/TESTPROGRAMProgramStatement.pdf
=583  \\$acompleteness reviewed$c20170508$fTESTPROGRAM$fTESTPROGRAM Gold$iissue-level$lmissing issues$zmissing no.1-4, 31
=583  \\$acondition reviewed$c20170508$fTESTPROGRAM$fTESTPROGRAM Gold$iissue-level
=852  0\$aTESTINST1$bHDC$ctestprogram-trust
=866  30$80$ano.5(1978)-30(2003), 32(2005)-35(2008)

