=LDR  00591nx  a22001691n 4500
=003  TestILS
=004  991022854969703841
=007  ta
=001  221114788610003841
=008  1908140u\\\\0\\\0000ba\\\0\\\\\\
=005  20210520081218.14
=035  \\$a(OCoLC)5235592
=245  04$aThe EDP auditor.
=583  \\$acommitted to retain$c20190814$dDecember 31, 2035$fTESTPROGRAM$fTESTPROGRAM Silver$uhttp://localhost/services/testprogram/docs/TESTPROGRAMProgramStatement.pdf
=583  \\$acompleteness reviewed$c20190814$fTESTPROGRAM$fTESTPROGRAM Silver$ivolume level$lmissing volumes$zmissing
=561  \\$aTESTINST1
=852  0\$aTESTINST1$bHDC$ctestprogram-trust$hHF5667$i.E25x
=866  30$80$a(1979)-(1984)

