=LDR  00717ny  a22002293n 4500
=001  22825844280003841
=003  TestILS
=004  991011815129703841
=005  20210520081217.74
=007  ta
=008  1206270u\\\\0\\\0001ba\\\0\\\\\\\\\\\\\\
=014  1\$a1791495$bOCoLC
=022  0\$a0092-7678
=035  \\$a(OCoLC)1791495
=035  \\$a(TestILS)c12807266-01asu_inst
=245  00$aAsian affairs :$ban American review.
=561  \\$aTESTINST1
=561  \\$aHTM
=561  \\$aCDS
=583  \\$acommitted to retain$c20120627$dDecember 31, 2035$fTESTPROGRAM$fTESTPROGRAM Silver$uhttp://localhost/services/testprogram/docs/TESTPROGRAMProgramStatement.pdf
=583  \\$acompleteness reviewed$c20120627$fTESTPROGRAM$fTESTPROGRAM Silver$ivolume-level
=852  0\$aTESTINST1$bHDC$ctestprogram-trust$hDS33.4.U6$iA85
=866  30$80$a1(1973)-32(2005)

