=LDR  00676nx  a22001931n 4500
=003  TestILS
=004  991022893059703841
=007  ta
=001  221044119300003841
=008  1710310u\\\\0\\\0001ba\\\0\\\\\\
=005  20210520081217.76
=022  \\$a0276-1017
=035  \\$a(OCoLC)5739272
=245  00$aNCAA basketball.
=583  \\$acommitted to retain$c20171031$dDecember 31, 2035$fTESTPROGRAM$fTESTPROGRAM Gold$uhttp://localhost/services/testprogram/docs/TESTPROGRAMProgramStatement.pdf
=583  \\$acompleteness reviewed$c20171031$fTESTPROGRAM$fTESTPROGRAM Gold$iissue-level
=583  \\$acondition reviewed$c20171031$fTESTPROGRAM$fTESTPROGRAM Gold$iissue-level
=561  \\$aTESTINST1
=852  0\$aTESTINST1$bHDC$ctestprogram-trust$hGV885.A1$iO33
=866  30$80$a(1980)-(1981), (1983)-(1991)

