=LDR  00652nx  a22001931n 4500
=003  TestILS
=004  991037131219703841
=007  ta
=001  221171326960003841
=008  2105160u\\\\0\\\0000ba\\\0\\\\\\
=005  20210520081217.99
=022  \\$a0268-3253
=035  \\$a(OCoLC)13112208
=245  00$aLloyd's ship manager marine equipment guide.
=583  \\$acommitted to retain$c20210514$d20351231$fTESTPROGRAM$fTESTPROGRAM Gold$uhttp://localhost/services/testprogram/docs/TESTPROGRAMProgramStatement.pdf
=583  \\$acompleteness reviewed$c20210514$fTESTPROGRAM$fTESTPROGRAM Gold$iissue level
=583  \\$acondition reviewed$c20210514$fTESTPROGRAM$fTESTPROGRAM Gold$iissue level
=561  \\$aTESTINST1
=852  0\$aTESTINST1$bHDC$ctestprogram-trust$hVM470$i.L55x
=866  30$80$a(1986)-(1987)

