=LDR  00594nx  a22001811n 4500
=003  TestILS
=004  991035487359703841
=007  ta
=001  221109128880003841
=008  1905210u\\\\0\\\0000ba\\\0\\\\\\
=005  20210520081218.02
=022  \\$a0883-2404
=035  \\$a(OCoLC)12096045
=245  10$aProceedings of the ... Conference of the American Academy of Advertising.
=583  \\$acommitted to retain$c20190521$dDecember 31, 2035$fTESTPROGRAM$fTESTPROGRAM Silver$uhttp://localhost/services/testprogram/docs/TESTPROGRAMProgramStatement.pdf
=583  \\$acompleteness reviewed$c20190521$fTESTPROGRAM$fTESTPROGRAM Silver$ivolume level
=561  \\$aTESTINST1
=852  0\$aTESTINST1$bHDC$ctestprogram-trust$hHF5813.U6$iA69a
=866  30$80$a(1985)-(2005)

