=LDR  00751ny  a22002293n 4500
=001  22933649650003841
=003  TestILS
=004  991011518609703841
=005  20210520081217.46
=007  ta
=008  1206140u\\\\0\\\0001ba\\\0\\\\\\\\\\\\\\
=014  1\$a1553665$bOCoLC
=022  0\$a0008-9192
=035  \\$a(OCoLC)1553665
=035  \\$a(TestILS)c12793541-01asu_inst
=245  00$aCentral Asiatic journal.
=561  \\$aTESTINST1
=561  \\$aAZU
=583  \\$acommitted to retain$c20120614$dDecember 31, 2035$fTESTPROGRAM$fTESTPROGRAM Gold$uhttp://localhost/services/testprogram/docs/TESTPROGRAMProgramStatement.pdf
=583  \\$acompleteness reviewed$c20120614$fTESTPROGRAM$fTESTPROGRAM Gold$iissue-level
=583  \\$acondition reviewed$c20120614$fTESTPROGRAM$fTESTPROGRAM Gold$iissue-level
=852  0\$aTESTINST1$bHDC$ctestprogram-trust
=866  30$80$a1(1955)-49(2005)

