=LDR  00655nx  a22001811n 4500
=003  TestILS
=004  991011675709703841
=007  ta
=001  221064213730003841
=008  1804230u\\\\0\\\0000ba\\\0\\\\\\
=005  20210520081218.12
=022  \\$a0019-8323
=035  \\$a(OCoLC)1753088
=245  00$aIndustrial finishing.
=583  \\$acommitted to retain$c20180423$dDecember 31, 2035$fTESTPROGRAM$fTESTPROGRAM Silver$uhttp://localhost/services/testprogram/docs/TESTPROGRAMProgramStatement.pdf
=583  \\$acompleteness reviewed$c20180423$fTESTPROGRAM$fTESTPROGRAM Silver$ivolume level$lmissing volumes$zmissing v.1-34; v.42:May-Oct 1965; v.69-81
=561  \\$aTESTINST1
=852  0\$aTESTINST1$bHDC$ctestprogram-trust$hTT325.A1$iI6
=866  30$80$a35(1958)-68(1992)

