=LDR  00815    a2200217 n 4500
=001  22914900930003841
=003  TestILS
=004  991018929009703841
=005  20210520081217.72
=007  ta
=008  1505150u\\\\0\\\0001ba\\\0\\\\\\\\\\\\\\
=014  1\$a3451227$bOCoLC
=022  \\$a0082-7126
=035  \\$a(OCoLC)3451227
=035  \\$a(TestILS)c13598491-01asu_inst
=245  14$aThe UCLA business forecast for the nation and California in ... :$bproceedings of the ... annual Business Forecasting Conference held at UCLA /$cthe Graduate School of Business Administration, University of California, Los Angeles.
=561  \\$aTESTINST1
=583  \\$acommitted to retain$c20150515$dDecember 31, 2035$fTESTPROGRAM$fTESTPROGRAM Gold$uhttp://localhost/services/testprogram/docs/TESTPROGRAMProgramStatement.pdf
=583  \\$acompleteness reviewed$c20150515$fTESTPROGRAM$fTESTPROGRAM Gold$iissue-level$lmissing volumes$zmissing no. 17-20, 25-26
=583  \\$acondition reviewed$c20150515$fTESTPROGRAM$fTESTPROGRAM Gold$iissue-level
=852  0\$aTESTINST1$bHDC$ctestprogram-trust$hHC106.5.A2$iU26x
=866  30$80$ano.21(1972)-24(1975), 27(1978)-32(1983)

