=LDR  00709nx  a22001931n 4500
=003  TestILS
=004  991011855669703841
=007  ta
=001  221126309680003841
=008  1908165u\\\\0\\\0000ba\\\0\\\\\\
=005  20210520081217.38
=022  \\$a0585-038X
=035  \\$a(OCoLC)1988822
=245  10$aStandard catalogue of Canadian coins tokens and paper money.
=583  \\$acommitted to retain$c20190823$dDecember 31, 2035$fTESTPROGRAM$fTESTPROGRAM Gold$uhttp://localhost/services/testprogram/docs/TESTPROGRAMProgramStatement.pdf
=583  \\$acompleteness reviewed$c20190823$fTESTPROGRAM$fTESTPROGRAM Gold$iissue level$lmissing issues$z1961, 1964-1978
=583  \\$acondition reviewed$c20190823$fTESTPROGRAM$fTESTPROGRAM Gold$iissue level
=561  \\$aTESTINST1
=852  0\$aTESTINST1$bHDC$ctestprogram-trust$hCJ1860$i.C5x
=866  30$80$ano.8(1960), 10(1962)-11(1963)

