=LDR  00697ny  a22002053n 4500
=001  22938314200003841
=003  TestILS
=004  991020803869703841
=005  20210520081217.83
=007  ta
=008  1505270u\\\\0\\\0001ba\\\0\\\\\\\\\\\\\\
=014  1\$a4204898$bOCoLC
=022  1\$a0012-317X
=035  \\$a(OCoLC)4204898
=035  \\$a(TestILS)c13605616-01asu_inst
=245  00$aEnergy digest.
=561  \\$aTESTINST1
=583  \\$acommitted to retain$c20150527$dDecember 31, 2035$fTESTPROGRAM$fTESTPROGRAM Silver$uhttp://localhost/services/testprogram/docs/TESTPROGRAMProgramStatement.pdf
=583  \\$acompleteness reviewed$c20150527$fTESTPROGRAM$fTESTPROGRAM Silver$ivolume-level$lmissing volumes$zmissing vols. 1-8
=852  0\$aTESTINST1$bHDC$ctestprogram-trust
=866  30$80$a9(1979)-15(1985)

