=LDR  00689nx  a22001931n 4500
=003  TestILS
=004  991018831469703841
=007  ta
=001  221126707600003841
=008  1908165u\\\\0\\\0000ba\\\0\\\\\\
=005  20210520081217.65
=022  \\$a0149-1644
=035  \\$a(OCoLC)3714619
=245  00$aOrganizational communication.
=583  \\$acommitted to retain$c20190823$dDecember 31, 2035$fTESTPROGRAM$fTESTPROGRAM Gold$uhttp://localhost/services/testprogram/docs/TESTPROGRAMProgramStatement.pdf
=583  \\$acompleteness reviewed$c20190823$fTESTPROGRAM$fTESTPROGRAM Gold$iissue level
=583  \\$acondition reviewed$c20190823$fTESTPROGRAM$fTESTPROGRAM Gold$iissue level$lmarginalia$z1977, v.9(1984)
=561  \\$aTESTINST1
=852  0\$aTESTINST1$bHDC$ctestprogram-trust$hHM131$i.O66x
=866  30$80$a(1976)-(1985)

