=LDR  00672nx  a22001931n 4500
=003  TestILS
=004  991040078829703841
=007  ta
=001  221131399610003841
=008  1910315u\\\\0\\\0000ba\\\0\\\\\\
=005  20210520081217.55
=022  \\$a0894-3818
=035  \\$a(OCoLC)16060043
=245  04$aThe Finding guide to AIAA meeting papers.
=583  \\$acommitted to retain$c20191031$dDecember 31, 2035$fTESTPROGRAM$fTESTPROGRAM Gold$uhttp://localhost/services/testprogram/docs/TESTPROGRAMProgramStatement.pdf
=583  \\$acompleteness reviewed$c20191031$fTESTPROGRAM$fTESTPROGRAM Gold$iissue level
=583  \\$acondition reviewed$c20191031$fTESTPROGRAM$fTESTPROGRAM Gold$iissue level
=561  \\$aTESTINST1
=852  0\$aTESTINST1$bHDC$ctestprogram-trust$hTL501.A688$iA22x Suppl.
=866  30$80$a(1981)-(1997)

