=LDR  00730    a2200217 n 4500
=001  22899095090003841
=003  TestILS
=004  991011624609703841
=005  20210520081217.91
=007  ta
=008  1505010u\\\\0\\\0001ba\\\0\\\\\\\\\\\\\\
=014  1\$a1643420$bOCoLC
=022  0\$a0047-2492
=035  \\$a(OCoLC)1643420
=035  \\$a(TestILS)c13595908-01asu_inst
=245  00$aJournal of intergroup relations.
=561  \\$aTESTINST1
=583  \\$acommitted to retain$c20150501$dDecember 31, 2035$fTESTPROGRAM$fTESTPROGRAM Gold$uhttp://localhost/services/testprogram/docs/TESTPROGRAMProgramStatement.pdf
=583  \\$acompleteness reviewed$c20150501$fTESTPROGRAM$fTESTPROGRAM Gold$iissue-level
=583  \\$acondition reviewed$c20150501$fTESTPROGRAM$fTESTPROGRAM Gold$iissue-level
=852  0\$aTESTINST1$bHDC$ctestprogram-trust
=866  30$80$a1(1959)-4(1965)

