=LDR  00657nx  a22001811n 4500
=003  TestILS
=004  991022778999703841
=007  ta
=001  221034124750003841
=008  1709010u\\\\0\\\0001ba\\\0\\\\\\
=005  20210520081218.13
=022  \\$a0888-3106
=035  \\$a(OCoLC)13532959
=245  10$aStrings.
=583  \\$acommitted to retain$c20170811$dDecember 31, 2035$fTESTPROGRAM$fTESTPROGRAM Silver$uhttp://localhost/services/testprogram/docs/TESTPROGRAMProgramStatement.pdf
=583  \\$acompleteness reviewed$c20170811$fTESTPROGRAM$fTESTPROGRAM Silver$iissue-level$lmissing volumes$zmissing v.10:2-9; v.11-15
=561  \\$aTESTINST1
=852  0\$aTESTINST1$bHDC$ctestprogram-trust$hML749.5$i.S87
=866  30$80$a1(1986)-10(1995), 16(2002)-20(2005)

