=LDR  00722ny  a22002293n 4500
=001  22846650210003841
=003  TestILS
=004  991010173529703841
=005  20210520081217.96
=007  ta
=008  1206260u\\\\0\\\0001ba\\\0\\\\\\\\\\\\\\
=014  1\$a28311938$bOCoLC
=022  \\$a0925-9392
=030  \\$aSEETE3
=035  \\$a(OCoLC)28311938
=035  \\$a(TestILS)c12806882-01asu_inst
=245  00$aStudies in East European thought.
=561  \\$aTESTINST1
=561  \\$aUBY
=583  \\$acommitted to retain$c20120626$dDecember 31, 2035$fTESTPROGRAM$fTESTPROGRAM Silver$uhttp://localhost/services/testprogram/docs/TESTPROGRAMProgramStatement.pdf
=583  \\$acompleteness reviewed$c20120626$fTESTPROGRAM$fTESTPROGRAM Silver$ivolume-level
=852  0\$aTESTINST1$bHDC$ctestprogram-trust$hB809.8$i.S853
=866  30$80$a45(1993)-57(2005)

