=LDR  00662nx  a22001931n 4500
=003  TestILS
=004  991023544069703841
=007  ta
=001  221049410890003841
=008  1801235u\\\\0\\\0000ba\\\0\\\\\\
=005  20210520081217.77
=022  \\$a0026-6248
=035  \\$a(OCoLC)31528572
=245  00$aMississippi folklife.
=583  \\$acommitted to retain$c20180123$dDecember 31, 2035$fTESTPROGRAM$fTESTPROGRAM Gold$uhttp://localhost/services/testprogram/docs/TESTPROGRAMProgramStatement.pdf
=583  \\$acompleteness reviewed$c20180123$fTESTPROGRAM$fTESTPROGRAM Gold$iissue level
=583  \\$acondition reviewed$c20180123$fTESTPROGRAM$fTESTPROGRAM Gold$iissue level
=561  \\$aTESTINST1
=852  0\$aTESTINST1$bHDC$ctestprogram-trust$hGR1$i.M56
=866  30$80$a27(1994)-32(1999)

