=LDR  00661nx  a22001931n 4500
=003  TestILS
=004  991020812179703841
=007  ta
=001  221048187490003841
=008  1712205u\\\\0\\\0000ba\\\0\\\\\\
=005  20210520081217.83
=022  \\$a0325-7665
=035  \\$a(OCoLC)4273358
=245  10$aRevista histórica /$cInstituto Histórico de la Organización Nacional.
=583  \\$acommitted to retain$c20171205$dDecember 31, 2035$fTESTPROGRAM$fTESTPROGRAM Gold$uhttp://localhost/services/testprogram/docs/TESTPROGRAMProgramStatement.pdf
=583  \\$acompleteness reviewed$c20171205$fTESTPROGRAM$fTESTPROGRAM Gold$iissue level
=583  \\$acondition reviewed$c20171205$fTESTPROGRAM$fTESTPROGRAM Gold$iissue level
=561  \\$aTESTINST1
=852  0\$aTESTINST1$bHDC$ctestprogram-trust$hF2801 .I5x
=866  30$80$a1(1977)-18(1994)

