=LDR  00664ny  a22002053n 4500
=001  22863370100003841
=003  TestILS
=004  991047656699703841
=005  20210520081217.40
=007  ta
=008  1206260u\\\\0\\\0001ba\\\0\\\\\\\\\\\\\\
=014  1\$a53916616$bOCoLC
=022  \\$a0972-7671
=035  \\$a(OCoLC)53916616
=035  \\$a(TestILS)c12806821-01asu_inst
=245  10$aSankhyā :$bthe Indian journal of statistics.
=561  \\$aTESTINST1
=583  \\$acommitted to retain$c20120626$dDecember 31, 2035$fTESTPROGRAM$fTESTPROGRAM Silver$uhttp://localhost/services/testprogram/docs/TESTPROGRAMProgramStatement.pdf
=583  \\$acompleteness reviewed$c20120626$fTESTPROGRAM$fTESTPROGRAM Silver$ivolume-level
=852  0\$aTESTINST1$bHDC$ctestprogram-trust
=866  30$80$a65(2003)-67(2005)

