=LDR  00685ny  a22002053n 4500
=001  22827974420003841
=003  TestILS
=004  991002631959703841
=005  20210520081218.08
=007  ta
=008  1206190u\\\\0\\\0001ba\\\0\\\\\\\\\\\\\\
=014  1\$a7333515$bOCoLC
=022  0\$a1068-3380$l1068-3380
=035  \\$a(OCoLC)7333515
=035  \\$a(TestILS)c12805798-01asu_inst
=245  04$aThe journal of race development.
=561  \\$aORU
=583  \\$acommitted to retain$c20120619$dDecember 31, 2035$fTESTPROGRAM$fTESTPROGRAM Silver$uhttp://localhost/services/testprogram/docs/TESTPROGRAMProgramStatement.pdf
=583  \\$acompleteness reviewed$c20120619$fTESTPROGRAM$fTESTPROGRAM Silver$ivolume-level
=852  0\$aTESTINST1$bHDC$ctestprogram-trust$hJZ6.5$i.J685
=866  30$80$a1(1910)-9(1919)

