=LDR  00771ny  a22002053n 4500
=001  22885684330003841
=003  TestILS
=004  991011574439703841
=005  20210520081218.06
=007  ta
=008  1206150u\\\\0\\\0001ba\\\0\\\\\\\\\\\\\\
=014  1\$a1588445$bOCoLC
=022  0\$a0019-2287
=035  \\$a(OCoLC)1588445
=035  \\$a(TestILS)c12793917-01asu_inst
=245  10$aJournal of the Illinois State Historical Society.
=561  \\$aTESTINST1
=583  \\$acommitted to retain$c20120615$dDecember 31, 2035$fTESTPROGRAM$fTESTPROGRAM Silver$uhttp://localhost/services/testprogram/docs/TESTPROGRAMProgramStatement.pdf
=583  \\$acompleteness reviewed$c20120615$fTESTPROGRAM$fTESTPROGRAM Silver$ivolume-level$lbinding patterns vary$zv.57-58 & 61-62 bound two volumes together$lmissing volumes$zmissing vol.v.1-2, 67-77
=852  0\$aTESTINST1$bHDC$ctestprogram-trust
=866  30$80$a3(1910)-66(1973)

