=LDR  00593nx  a22001811n 4500
=003  TestILS
=004  991012185399703841
=007  ta
=001  221114887640003841
=008  1905310u\\\\0\\\0000ba\\\0\\\\\\
=005  20210520081217.62
=022  \\$a1098-5808
=035  \\$a(OCoLC)30710031
=245  00$aShoot.$pDirectory for commercial production & postproduction.
=583  \\$acommitted to retain$c20190531$dDecember 31, 2035$fTESTPROGRAM$fTESTPROGRAM Silver$uhttp://localhost/services/testprogram/docs/TESTPROGRAMProgramStatement.pdf
=583  \\$acompleteness reviewed$c20190531$fTESTPROGRAM$fTESTPROGRAM Silver$ivolume level
=561  \\$aTESTINST1
=852  0\$aTESTINST1$bHDC$ctestprogram-trust$hPN1998.A1$iB24
=866  30$80$a(1994)-(2005)

