=LDR  00886    a2200229 n 4500
=001  22970190320003841
=003  TestILS
=004  991020829799703841
=005  20210520081217.84
=007  ta
=008  1505010u\\\\0\\\0001ba\\\0\\\\\\\\\\\\\\
=014  1\$a4429945$bOCoLC
=022  0\$a0738-9000
=035  \\$a(OCoLC)4429945
=035  \\$a(TestILS)c13596299-01asu_inst
=245  04$aThe Creative black book.
=561  \\$aTESTINST1
=561  \\$aWYU
=583  \\$acommitted to retain$c20150501$dDecember 31, 2035$fTESTPROGRAM$fTESTPROGRAM Gold$uhttp://localhost/services/testprogram/docs/TESTPROGRAMProgramStatement.pdf
=583  \\$acompleteness reviewed$c20150501$fTESTPROGRAM$fTESTPROGRAM Gold$iissue-level$lmissing volumes$zmissing vols. 1970-1982, 1984, 1987-1989, 1991-1995
=583  \\$acondition reviewed$c20150501$fTESTPROGRAM$fTESTPROGRAM Gold$iissue-level$lmissing images$z1986 v.2, 1990 v.2 missing images
=852  0\$aTESTINST1$bHDC$ctestprogram-trust
=866  30$80$a(1983), (1985), (1986), (1990)

