=LDR  00900ny  a22002173n 4500
=001  22934940330003841
=003  TestILS
=004  991011530809703841
=005  20210520081217.94
=007  ta
=008  1705080u\\\\0\\\0001ba\\\0\\\\\\\\\\\\\\
=014  1\$a5005234$bOCoLC
=022  \\$a0192-3978
=035  \\$a(OCoLC)5005234
=035  \\$a(TestILS)c1414735x-01asu_inst
=245  00$aConstruction equipment.
=561  \\$aTESTINST1
=583  \\$acommitted to retain$c20170508$dDecember 31, 2035$fTESTPROGRAM$fTESTPROGRAM Silver$uhttp://localhost/services/testprogram/docs/TESTPROGRAMProgramStatement.pdf
=583  \\$acompleteness reviewed$c20170508$fTESTPROGRAM$fTESTPROGRAM Silver$ivolume-level$lmissing volumes$zmissing v.66:1-2,4; v.67:2,4; v.71:3; v.73:4; v.77:6; v.78:1; v.81:2; v.82:3; v.83:1-2; v.84:4; v.88:1; v.97:5; v.98:5; v.100:6
=852  0\$aTESTINST1$bHDC$ctestprogram-trust$hTA1$i.C63
=866  30$80$a41(1971)-108(2005)
=867  30$80$a45(1972), 99(1999), 101(2000)-103(2001), 105(2002)-108(2005)

