=LDR  00525ny  a22001693n 4500
=003  TestILS
=004  991018829759703841
=005  20210520081217.65
=001  221156766730003841
=007  ta
=008  2011160u\\\\0\\\0000ba\\\0\\\\\\
=022  \\$a0276-7783
=035  \\$a(OCoLC)3681309
=245  00$aMIS quarterly :$bmanagement information systems.
=561  \\$aTESTINST1
=583  \\$acommitted to retain$c20201116$d20351231$fTESTPROGRAM$fTESTPROGRAM Bronze$uhttp://localhost/services/testprogram/docs/TESTPROGRAMProgramStatement.pdf
=852  0\$aTESTINST1$bHDC$ctestprogram-trust$hHF5548.2$i.M335x
=866  30$80$a2(1978)-8(1984), 10(1986)-39(2015)

