=LDR  00631ny  a22001933n 4500
=001  22826033000003841
=003  TestILS
=004  991033899659703841
=005  20210520081218.01
=007  ta
=008  1306100u\\\\0\\\0001ba\\\0\\\\\\\\\\\\\\
=014  1\$a11361769$bOCoLC
=035  \\$a(OCoLC)11361769
=035  \\$a(TestILS)c1318409x-01asu_inst
=245  10$aYearbook of the National Association of Teachers of Educational Measurements.
=561  \\$aTESTINST1
=583  \\$acommitted to retain$c20130610$dDecember 31, 2035$fTESTPROGRAM$fTESTPROGRAM Silver$uhttp://localhost/services/testprogram/docs/TESTPROGRAMProgramStatement.pdf
=583  \\$acompleteness reviewed$c20130610$fTESTPROGRAM$fTESTPROGRAM Silver$ivolume-level
=852  0\$aTESTINST1$bHDC$ctestprogram-trust
=866  30$80$ano.1(1941)

