=LDR  00595nx  a22001811n 4500
=003  TestILS
=004  991023544909703841
=007  ta
=001  221100627950003841
=008  1902130u\\\\0\\\0000ba\\\0\\\\\\
=005  20210520081217.77
=022  \\$a0933-0585
=035  \\$a(OCoLC)30939039
=245  00$aBallett international, Tanz aktuell.
=583  \\$acommitted to retain$c20190213$dDecember 31, 2035$fTESTPROGRAM$fTESTPROGRAM Silver$uhttp://localhost/services/testprogram/docs/TESTPROGRAMProgramStatement.pdf
=583  \\$acompleteness reviewed$c20190213$fTESTPROGRAM$fTESTPROGRAM Silver$ivolume level
=561  \\$aTESTINST1
=852  0\$aTESTINST1$bHDC$ctestprogram-trust$hGV1787$i.B27432x
=866  30$80$a(1994)-(2001)

