=LDR  00706nx  a22001811n 4500
=003  TestILS
=004  991011854639703841
=007  ta
=001  221111808770003841
=008  1906100u\\\\0\\\0000ba\\\0\\\\\\
=005  20210520081217.38
=022  \\$a0360-5906
=035  \\$a(OCoLC)1978665
=245  10$aRTSD newsletter.
=583  \\$acommitted to retain$c20190610$dDecember 31, 2035$fTESTPROGRAM$fTESTPROGRAM Silver$uhttp://localhost/services/testprogram/docs/TESTPROGRAMProgramStatement.pdf
=583  \\$acompleteness reviewed$c20190610$fTESTPROGRAM$fTESTPROGRAM Silver$ivolume level$lmissing volumes$zmissing v.1(1976)-5(1980);v.6:1-5(1981);v.7:1(1982);v.8:3(1983);v.9:1,3,5(1984);v.12:2(1987)
=561  \\$aTESTINST1
=852  0\$aTESTINST1$bHDC$ctestprogram-trust$hZ673.A526$iR8x
=866  30$80$a6(1981)-14(1989)

