=LDR  00687nx  a22001811n 4500
=003  TestILS
=004  991008734689703841
=007  ta
=001  221115997130003841
=008  1905310u\\\\0\\\0000ba\\\0\\\\\\
=005  20210520081217.52
=022  \\$a0020-3580
=035  \\$a(OCoLC)1017201
=245  04$aThe Institutional investor.
=583  \\$acommitted to retain$c20190531$dDecember 31, 2035$fTESTPROGRAM$fTESTPROGRAM Silver$uhttp://localhost/services/testprogram/docs/TESTPROGRAMProgramStatement.pdf
=583  \\$acompleteness reviewed$c20190531$fTESTPROGRAM$fTESTPROGRAM Silver$ivolume level$lmissing volumes$zmissing v.1-3; v.22:1; v.23:1,11,14; v.24:5,10; v.25:8, 11; v.29:2; v.32:11
=561  \\$aTESTINST1
=852  0\$aTESTINST1$bHDC$ctestprogram-trust$hHG4501$i.I58
=866  30$80$a4(1970)-39(2005)

