=LDR  00802    a2200217 n 4500
=001  22871366580003841
=003  TestILS
=004  991041209769703841
=005  20210520081217.59
=007  ta
=008  1605200u\\\\0\\\0001ba\\\0\\\\\\\\\\\\\\
=014  1\$a19410298$bOCoLC
=022  \\$a0843-4328
=035  \\$a(OCoLC)19410298
=035  \\$a(TestILS)c13831525-01asu_inst
=245  10$aWorld outlook /$cthe Conference Board of Canada, the International Business Research Centre.
=561  \\$aTESTINST1
=583  \\$acommitted to retain$c20160520$dDecember 31, 2035$fTESTPROGRAM$fTESTPROGRAM Gold$uhttp://localhost/services/testprogram/docs/TESTPROGRAMProgramStatement.pdf
=583  \\$acompleteness reviewed$c20160520$fTESTPROGRAM$fTESTPROGRAM Gold$iissue-level$lmissing volumes$zmissing 1992-1993, 1995, 1989-1991, 2003-2005
=583  \\$acondition reviewed$c20160520$fTESTPROGRAM$fTESTPROGRAM Gold$iissue-level
=852  0\$aTESTINST1$bHDC$ctestprogram-trust
=866  30$80$a(1994), (1996)-(2002)

