=LDR  00688ny  a22002053n 4500
=001  22927880180003841
=003  TestILS
=004  991017188779703841
=005  20210520081218.18
=007  ta
=008  1410300u\\\\0\\\0001ba\\\0\\\\\\\\\\\\\\
=014  1\$a3807628$bOCoLC
=022  0\$a0162-1041$l0162-1041
=035  \\$a(OCoLC)3807628
=035  \\$a(TestILS)c13551188-01asu_inst
=245  04$aThe El Paso business review.
=561  \\$aUBY
=583  \\$acommitted to retain$c20141030$dDecember 31, 2035$fTESTPROGRAM$fTESTPROGRAM Silver$uhttp://localhost/services/testprogram/docs/TESTPROGRAMProgramStatement.pdf
=583  \\$acompleteness reviewed$c20141030$fTESTPROGRAM$fTESTPROGRAM Silver$ivolume-level
=852  0\$aTESTINST1$bHDC$ctestprogram-trust$hHC108.E4$iE45
=866  30$80$a15(1977)-16(1979)

