=LDR  00705ny  a22002053n 4500
=001  22899749440003841
=003  TestILS
=004  991027182079703841
=005  20210520081217.80
=007  ta
=008  1312090u\\\\0\\\0001ba\\\0\\\\\\\\\\\\\\
=014  1\$a7727267$bOCoLC
=022  \\$a0101-3157
=035  \\$a(OCoLC)7727267
=035  \\$a(TestILS)c13286766-01asu_inst
=245  10$aRevista de economia política.
=561  \\$aTESTINST1
=583  \\$acommitted to retain$c20131209$dDecember 31, 2035$fTESTPROGRAM$fTESTPROGRAM Silver$uhttp://localhost/services/testprogram/docs/TESTPROGRAMProgramStatement.pdf
=583  \\$acompleteness reviewed$c20131209$fTESTPROGRAM$fTESTPROGRAM Silver$ivolume-level$lmissing volumes$zmissing vol. 11 issue 3-4
=852  0\$aTESTINST1$bHDC$ctestprogram-trust
=866  30$80$a1(1981)-25(2005)

