=LDR  00678nx  a22001811n 4500
=003  TestILS
=004  991011603269703841
=007  ta
=001  221148389690003841
=008  2006305u\\\\0\\\0000ba\\\0\\\\\\
=005  20210520081217.80
=035  \\$a(OCoLC)1624018
=245  04$aThe PLD reporter.
=583  \\$acommitted to retain$c20200630$dDecember 31, 2035$fTESTPROGRAM$fTESTPROGRAM Gold$uhttp://localhost/services/testprogram/docs/TESTPROGRAMProgramStatement.pdf
=583  \\$acompleteness reviewed$c20200630$fTESTPROGRAM$fTESTPROGRAM Gold$iissue level$lmissing issues$zmissing v.1-2,4-5
=583  \\$acondition reviewed$c20200630$fTESTPROGRAM$fTESTPROGRAM Gold$iissue level
=561  \\$aTESTINST1
=852  0\$aTESTINST1$bHDC$ctestprogram-trust$hZ671$i.P25
=866  30$80$a3(1955), 6(1958)-7(1958)

