=LDR  00599nx  a22001811n 4500
=003  TestILS
=004  991037149999703841
=007  ta
=001  221065898310003841
=008  1805040u\\\\0\\\0000ba\\\0\\\\\\
=005  20210520081217.99
=022  \\$a1043-2248
=035  \\$a(OCoLC)13775213
=245  04$aThe Journal of state government /$cNational Conference of State Legislatures [and] the Council of State Governments.
=583  \\$acommitted to retain$c20180504$dDecember 31, 2035$fTESTPROGRAM$fTESTPROGRAM Silver$uhttp://localhost/services/testprogram/docs/TESTPROGRAMProgramStatement.pdf
=583  \\$acompleteness reviewed$c20180504$fTESTPROGRAM$fTESTPROGRAM Silver$ivolume level
=561  \\$aTESTINST1
=852  0\$aTESTINST1$bHDC$ctestprogram-trust$hJK2403 .S7
=866  30$80$a59(1986)-65, no.2(1992)

