=LDR  00707ny  a22002173n 4500
=001  22914527180003841
=003  TestILS
=004  991006500769703841
=005  20210520081218.17
=007  ta
=008  1305030u\\\\0\\\0001ba\\\0\\\\\\\\\\\\\\
=014  1\$a3159339$bOCoLC
=022  0\$a0009-8485$l0009-8485
=035  \\$a(OCoLC)3159339
=035  \\$a(TestILS)c13150303-01asu_inst
=245  00$aClassroom interaction newsletter.
=561  \\$aIYU
=561  \\$aORE
=583  \\$acommitted to retain$c20130503$dDecember 31, 2035$fTESTPROGRAM$fTESTPROGRAM Silver$uhttp://localhost/services/testprogram/docs/TESTPROGRAMProgramStatement.pdf
=583  \\$acompleteness reviewed$c20130503$fTESTPROGRAM$fTESTPROGRAM Silver$ivolume-level
=852  0\$aTESTINST1$bHDC$ctestprogram-trust$hLB1084$i.J68x
=866  30$80$a1(1966)-11(1976)

