=LDR  00706    a2200205 n 4500
=001  22935740780003841
=003  TestILS
=004  991033873659703841
=005  20210520081218.00
=007  ta
=008  1308280u\\\\0\\\0001ba\\\0\\\\\\\\\\\\\\
=014  1\$a10729714$bOCoLC
=035  \\$a(OCoLC)10729714
=035  \\$a(TestILS)c13245715-01asu_inst
=245  10$aProceedings of New York University ... biennial Conference on Charitable Foundations.
=561  \\$aAZC
=583  \\$acommitted to retain$c20130828$dDecember 31, 2035$fTESTPROGRAM$fTESTPROGRAM Gold$uhttp://localhost/services/testprogram/docs/TESTPROGRAMProgramStatement.pdf
=583  \\$acompleteness reviewed$c20130828$fTESTPROGRAM$fTESTPROGRAM Gold$iissue-level
=583  \\$acondition reviewed$c20130828$fTESTPROGRAM$fTESTPROGRAM Gold$iissue-level
=852  0\$aTESTINST1$bHDC$ctestprogram-trust
=866  30$80$a3(1957)-4(1959)

