=LDR  00784    a2200241 n 4500
=001  22821970760003841
=003  TestILS
=004  991011545629703841
=005  20210520081217.95
=007  ta
=008  1605010u\\\\0\\\0001ba\\\0\\\\\\\\\\\\\\
=014  1\$a1567599$bOCoLC
=022  1\$a0013-1849
=035  \\$a(OCoLC)1567599
=035  \\$a(TestILS)c13793020-01asu_inst
=245  00$aEducational perspectives.
=561  \\$aTESTINST1
=561  \\$aIYU
=561  \\$aUUS
=583  \\$acommitted to retain$c20160501$dDecember 31, 2035$fTESTPROGRAM$fTESTPROGRAM Gold$uhttp://localhost/services/testprogram/docs/TESTPROGRAMProgramStatement.pdf
=583  \\$acompleteness reviewed$c20160501$fTESTPROGRAM$fTESTPROGRAM Gold$iissue-level
=583  \\$acondition reviewed$c20160501$fTESTPROGRAM$fTESTPROGRAM Gold$iissue-level
=852  0\$aTESTINST1$bHDC$ctestprogram-trust$hL11$i.E449x
=866  30$80$a1(1962)-40(2007)

