=LDR  00709nx  a22001931n 4500
=003  TestILS
=004  991016521689703841
=007  ta
=001  221044119820003841
=008  1710310u\\\\0\\\0001ba\\\0\\\\\\
=005  20210520081218.11
=022  \\$a0191-3875
=035  \\$a(OCoLC)3006455
=245  10$aProceedings of symposium - Desert Tortoise Council.
=583  \\$acommitted to retain$c20171031$dDecember 31, 2035$fTESTPROGRAM$fTESTPROGRAM Gold$uhttp://localhost/services/testprogram/docs/TESTPROGRAMProgramStatement.pdf
=583  \\$acompleteness reviewed$c20171031$fTESTPROGRAM$fTESTPROGRAM Gold$iissue-level$lmissing volumes$zmissing 1978
=583  \\$acondition reviewed$c20171031$fTESTPROGRAM$fTESTPROGRAM Gold$iissue-level
=561  \\$aTESTINST1
=852  0\$aTESTINST1$bHDC$ctestprogram-trust$hQL666.C584 D44x
=866  30$80$a(1976)-(1977), (1979)-(2003)

