=LDR  00587nx  a22001691n 4500
=003  TestILS
=004  991022912489703841
=007  ta
=001  221064214450003841
=008  1804230u\\\\0\\\0000ba\\\0\\\\\\
=005  20210520081217.77
=035  \\$a(OCoLC)5974100
=245  00$aHotel management & innkeeping.
=583  \\$acommitted to retain$c20180423$dDecember 31, 2035$fTESTPROGRAM$fTESTPROGRAM Silver$uhttp://localhost/services/testprogram/docs/TESTPROGRAMProgramStatement.pdf
=583  \\$acompleteness reviewed$c20180423$fTESTPROGRAM$fTESTPROGRAM Silver$ivolume level
=561  \\$aTESTINST1
=852  0\$aTESTINST1$bHDC$ctestprogram-trust$hTX901$i.H69 Folio
=866  30$80$a182, no.1(1967)-182, no.4(1967)

