=LDR  00617    a2200193 n 4500
=001  22839591380003841
=003  TestILS
=004  991033884779703841
=005  20210520081218.00
=007  ta
=008  1505290u\\\\0\\\0001ba\\\0\\\\\\\\\\\\\\
=014  1\$a10970768$bOCoLC
=022  \\$a0266-4909
=035  \\$a(OCoLC)10970768
=035  \\$a(TestILS)c13607042-01asu_inst
=245  00$aJournal of computer assisted learning.
=561  \\$aTESTINST1
=583  \\$acommitted to retain$c20130614$dDecember 31, 2035$fTESTPROGRAM$fTESTPROGRAM Bronze$uhttp://localhost/services/testprogram/docs/TESTPROGRAMProgramStatement.pdf
=852  0\$aTESTINST1$bHDC$ctestprogram-trust$hLB1028.5$i.J6x
=866  30$80$a5(1989)-10(1984), 15(1999)-21(2005)

