=LDR  00769ny  a22002173n 4500
=001  22959931160003841
=003  TestILS
=004  991011938339703841
=005  20210520081217.62
=007  ta
=008  1206200u\\\\0\\\0001ba\\\0\\\\\\\\\\\\\\
=014  1\$a2269568$bOCoLC
=022  \\$a0146-4949
=035  \\$a(OCoLC)2269568
=035  \\$a(TestILS)c12806146-01asu_inst
=245  00$aWisconsin studies in contemporary literature.
=561  \\$aTESTINST1
=583  \\$acommitted to retain$c20120620$dDecember 31, 2035$fTESTPROGRAM$fTESTPROGRAM Silver$uhttp://localhost/services/testprogram/docs/TESTPROGRAMProgramStatement.pdf
=583  \\$acompleteness reviewed$c20120620$fTESTPROGRAM$fTESTPROGRAM Silver$ivolume-level$lbinding patterns vary$zvol.1-2, 3-4, 6-7 bound 2 volumes as single units
=852  0\$aTESTINST1$bHDC$ctestprogram-trust
=866  30$80$a1(1960)-8(1967)
=868  30$80$a7(1966)-8(1967)

