=LDR  00800    a2200229 n 4500
=001  22852369660003841
=003  TestILS
=004  991011851129703841
=005  20210520081217.38
=007  ta
=008  1705080u\\\\0\\\0001ba\\\0\\\\\\\\\\\\\\
=014  1\$a1939225$bOCoLC
=022  \\$a0364-2976
=035  \\$a(OCoLC)2585622
=035  \\$a(TestILS)c1412502x-01asu_inst
=245  00$aJournal of the Hellenic diaspora.
=561  \\$aTESTINST1
=561  \\$aCDS
=583  \\$acommitted to retain$c20170508$dDecember 31, 2035$fTESTPROGRAM$fTESTPROGRAM Gold$uhttp://localhost/services/testprogram/docs/TESTPROGRAMProgramStatement.pdf
=583  \\$acompleteness reviewed$c20170508$fTESTPROGRAM$fTESTPROGRAM Gold$iissue level$lmissing issues$zmissing v.1(1974)
=583  \\$acondition reviewed$c20170508$fTESTPROGRAM$fTESTPROGRAM Gold$iissue level
=852  0\$aTESTINST1$bHDC$ctestprogram-trust$hDF701$i.J68x
=866  30$80$a2(1975)-31(2005)

