=LDR  00653ny  a22002053n 4500
=001  22967588710003841
=003  TestILS
=004  991021460509703841
=005  20210520081217.36
=007  ta
=008  1505290u\\\\0\\\0001ba\\\0\\\\\\\\\\\\\\
=014  1\$a58966857$bOCoLC
=022  0\$a1555-5534
=035  \\$a(OCoLC)58966857
=035  \\$a(TestILS)c13606517-01asu_inst
=245  10$aProgress in physics.
=561  \\$aTESTINST1
=583  \\$acommitted to retain$c20150529$dDecember 31, 2035$fTESTPROGRAM$fTESTPROGRAM Silver$uhttp://localhost/services/testprogram/docs/TESTPROGRAMProgramStatement.pdf
=583  \\$acompleteness reviewed$c20150529$fTESTPROGRAM$fTESTPROGRAM Silver$ivolume-level
=852  0\$aTESTINST1$bHDC$ctestprogram-trust
=866  30$80$a(2005)

