=LDR  00747ny  a22002053n 4500
=001  22838425740003841
=003  TestILS
=004  991027140149703841
=005  20210520081217.69
=007  ta
=008  1306120u\\\\0\\\0001ba\\\0\\\\\\\\\\\\\\
=014  1\$a7316976$bOCoLC
=022  0\$a0276-1114
=035  \\$a(OCoLC)7316976
=035  \\$a(TestILS)c13184957-01asu_inst
=245  00$aModern Judaism.
=561  \\$aTESTINST1
=583  \\$acommitted to retain$c20130612$dDecember 31, 2035$fTESTPROGRAM$fTESTPROGRAM Silver$uhttp://localhost/services/testprogram/docs/TESTPROGRAMProgramStatement.pdf
=583  \\$acompleteness reviewed$c20130612$fTESTPROGRAM$fTESTPROGRAM Silver$ivolume-level$lbinding patterns vary$zfor vols. 1-8, 11-12, 20-23 two volumes bound as single piece
=852  0\$aTESTINST1$bHDC$ctestprogram-trust
=866  30$80$a1(1981)-25(2005)

