=LDR  00890    a2200229 n 4500
=001  22880706080003841
=003  TestILS
=004  991022843409703841
=005  20210520081218.13
=007  ta
=008  1505010u\\\\0\\\0001ba\\\0\\\\\\\\\\\\\\
=014  1\$a5097246$bOCoLC
=022  0\$a0005-433X$l0005-433X
=035  \\$a(OCoLC)5097246
=035  \\$a(TestILS)c13596755-01asu_inst
=245  10$aBall State University forum.
=561  \\$aTESTINST1
=583  \\$acommitted to retain$c20150501$dDecember 31, 2035$fTESTPROGRAM$fTESTPROGRAM Gold$uhttp://localhost/services/testprogram/docs/TESTPROGRAMProgramStatement.pdf
=583  \\$acompleteness reviewed$c20150501$fTESTPROGRAM$fTESTPROGRAM Gold$iissue-level$lmissing volumes$zmissing vol. 16
=583  \\$acondition reviewed$c20150501$fTESTPROGRAM$fTESTPROGRAM Gold$iissue-level$lunderlining$zvol. 11 issue 1 underlining
=852  0\$aTESTINST1$bHDC$ctestprogram-trust$hLH1.I5$iB3
=866  30$80$a6,no.2(1965)-15(1974), 17(1976)-30(1989)
=868  30$80$a6(1965)-20(1979)

