=LDR  00745ny  a22002173n 4500
=001  22866663920003841
=003  TestILS
=004  991046290239703841
=005  20210520081217.73
=007  ta
=008  1206040u\\\\0\\\0001ba\\\0\\\\\\\\\\\\\\
=014  1\$a48687842$bOCoLC
=022  0\$a1538-2834
=035  \\$a(OCoLC)48687842
=035  \\$a(TestILS)c12791337-01asu_inst
=245  00$aJournal of Northwest anthropology.
=561  \\$aTESTINST1
=583  \\$acommitted to retain$c20120604$dDecember 31, 2035$fTESTPROGRAM$fTESTPROGRAM Gold$uhttp://localhost/services/testprogram/docs/TESTPROGRAMProgramStatement.pdf
=583  \\$acompleteness reviewed$c20120604$fTESTPROGRAM$fTESTPROGRAM Gold$iissue-level
=583  \\$acondition reviewed$c20120604$fTESTPROGRAM$fTESTPROGRAM Gold$iissue-level
=852  0\$aTESTINST1$bHDC$ctestprogram-trust$hGN1$i.N6x
=866  30$80$a36(2002)-39(2005)

