=LDR  00750    a2200229 n 4500
=001  22925142750003841
=003  TestILS
=004  991014174659703841
=005  20210520081217.92
=007  ta
=008  1505010u\\\\0\\\0001ba\\\0\\\\\\\\\\\\\\
=014  1\$a2441386$bOCoLC
=022  0\$a0099-216X
=035  \\$a(OCoLC)2441386
=035  \\$a(TestILS)c13596068-01asu_inst
=245  00$aWilliam Carlos Williams newsletter.
=561  \\$aTESTINST1
=561  \\$aNTD
=583  \\$acommitted to retain$c20150501$dDecember 31, 2035$fTESTPROGRAM$fTESTPROGRAM Gold$uhttp://localhost/services/testprogram/docs/TESTPROGRAMProgramStatement.pdf
=583  \\$acompleteness reviewed$c20150501$fTESTPROGRAM$fTESTPROGRAM Gold$iissue-level
=583  \\$acondition reviewed$c20150501$fTESTPROGRAM$fTESTPROGRAM Gold$iissue-level
=852  0\$aTESTINST1$bHDC$ctestprogram-trust
=866  30$80$a1(1975)-5(1979)

