=LDR  00662nx  a22001931n 4500
=003  TestILS
=004  991045082129703841
=007  ta
=001  221033492930003841
=008  1708210u\\\\0\\\0001ba\\\0\\\\\\
=005  20210520081218.06
=022  \\$a1488-0318
=035  \\$a(OCoLC)43285647
=245  10$aCanadian social work.
=583  \\$acommitted to retain$c20170821$dDecember 31, 2035$fTESTPROGRAM$fTESTPROGRAM Gold$uhttp://localhost/services/testprogram/docs/TESTPROGRAMProgramStatement.pdf
=583  \\$acompleteness reviewed$c20170821$fTESTPROGRAM$fTESTPROGRAM Gold$iissue-level
=583  \\$acondition reviewed$c20170821$fTESTPROGRAM$fTESTPROGRAM Gold$iissue-level
=561  \\$aTESTINST1
=852  0\$aTESTINST1$bHDC$ctestprogram-trust$hHV101 .C26x
=866  30$80$a1(1999)-5(2003)

