=LDR  00752    a2200229 n 4500
=001  22937806030003841
=003  TestILS
=004  991038890359703841
=005  20210520081217.54
=007  ta
=008  1405080u\\\\0\\\0001ba\\\0\\\\\\\\\\\\\\
=014  1\$a14766048$bOCoLC
=022  0\$a0891-4125
=035  \\$a(OCoLC)14766048
=035  \\$a(TestILS)c13403874-01asu_inst
=245  00$aWorld economic data.
=561  \\$aOWS
=561  \\$aTESTINST1
=583  \\$acommitted to retain$c20140508$dDecember 31, 2035$fTESTPROGRAM$fTESTPROGRAM Gold$uhttp://localhost/services/testprogram/docs/TESTPROGRAMProgramStatement.pdf
=583  \\$acompleteness reviewed$c20140508$fTESTPROGRAM$fTESTPROGRAM Gold$iissue-level
=583  \\$acondition reviewed$c20140508$fTESTPROGRAM$fTESTPROGRAM Gold$iissue-level
=852  0\$aTESTINST1$bHDC$ctestprogram-trust
=866  30$80$a1(1987)-3(1991)

