=LDR  00662ny  a22002053n 4500
=001  22877836840003841
=003  TestILS
=004  991046606429703841
=005  20210520081217.74
=007  ta
=008  1405150u\\\\0\\\0001ba\\\0\\\\\\\\\\\\\\
=014  1\$a2109693$bOCoLC
=022  \\$a0570-7447
=035  \\$a(OCoLC)2109693
=035  \\$a(TestILS)c13404829-01asu_inst
=245  00$aArena/Interbuild.
=561  \\$aTESTINST1
=583  \\$acommitted to retain$c20140515$dDecember 31, 2035$fTESTPROGRAM$fTESTPROGRAM Silver$uhttp://localhost/services/testprogram/docs/TESTPROGRAMProgramStatement.pdf
=583  \\$acompleteness reviewed$c20140515$fTESTPROGRAM$fTESTPROGRAM Silver$ivolume-level
=852  0\$aTESTINST1$bHDC$ctestprogram-trust
=866  30$80$a82(1967)-83(1968)

