=LDR  00764nx  a22001811n 4500
=003  TestILS
=004  991018565949703841
=007  ta
=001  221135122880003841
=008  2001275u\\\\0\\\0000ba\\\0\\\\\\
=005  20210520081217.64
=035  \\$a(OCoLC)1565660
=245  00$aCurrent municipal problems.
=583  \\$acommitted to retain$c20200127$dDecember 31, 2035$fTESTPROGRAM$fTESTPROGRAM Gold$uhttp://localhost/services/testprogram/docs/TESTPROGRAMProgramStatement.pdf
=583  \\$acompleteness reviewed$c20200127$fTESTPROGRAM$fTESTPROGRAM Gold$iissue level$lmissing issues$zmissing v.27, no.4 (2001)-(2015)$lreprints$zv.1(1959/60)-v.7(1980/81) reprinted as annual cumulations
=583  \\$acondition reviewed$c20200127$fTESTPROGRAM$fTESTPROGRAM Gold$iissue level
=561  \\$aTESTINST1
=852  0\$aTESTINST1$bHDC$ctestprogram-trust$hJS39$i.C85
=866  30$80$a1(1959/1976)-27(2000/2001)

