=LDR  00779    a2200217 n 4500
=001  22829813520003841
=003  TestILS
=004  991011794589703841
=005  20210520081217.97
=007  ta
=008  1505150u\\\\0\\\0001ba\\\0\\\\\\\\\\\\\\
=014  1\$a1783771$bOCoLC
=022  \\$a0095-7119
=035  \\$a(OCoLC)1783771
=035  \\$a(TestILS)c13598612-01asu_inst
=245  04$aThe Best science fiction of the year.
=561  \\$aTESTINST1
=583  \\$acommitted to retain$c20150515$dDecember 31, 2035$fTESTPROGRAM$fTESTPROGRAM Gold$uhttp://localhost/services/testprogram/docs/TESTPROGRAMProgramStatement.pdf
=583  \\$acompleteness reviewed$c20150515$fTESTPROGRAM$fTESTPROGRAM Gold$iissue-level$lmissing volumes$zmissing no. 1-4, 6-7, 9-15
=583  \\$acondition reviewed$c20150515$fTESTPROGRAM$fTESTPROGRAM Gold$iissue-level
=852  0\$aTESTINST1$bHDC$ctestprogram-trust
=866  30$80$ano.5(1976), 8(1979)

