=LDR  00700nx  a22001931n 4500
=003  TestILS
=004  991022885779703841
=007  ta
=001  221171316680003841
=008  2105170u\\\\0\\\0000ba\\\0\\\\\\
=005  20210520081217.76
=022  \\$a0735-1143
=035  \\$a(OCoLC)5655660
=245  00$aLeahy's hotel-motel guide & travel atlas of the United States, Canada, and Mexico :$bin two parts.
=583  \\$acommitted to retain$c20210514$d20351231$fTESTPROGRAM$fTESTPROGRAM Gold$uhttp://localhost/services/testprogram/docs/TESTPROGRAMProgramStatement.pdf
=583  \\$acompleteness reviewed$c20210514$fTESTPROGRAM$fTESTPROGRAM Gold$iissue level$lmissing issues$zmissing no. 1 - no. 91(1966)
=583  \\$acondition reviewed$c20210514$fTESTPROGRAM$fTESTPROGRAM Gold$iissue level
=561  \\$aTESTINST1
=852  0\$aTESTINST1$bHDC$ctestprogram-trust$hTX907$i.L5
=866  30$80$a92(1967), 97(1972)

