=LDR  00682ny  a22002053n 4500
=001  22968446760003841
=003  TestILS
=004  991020814269703841
=005  20210520081217.83
=007  ta
=008  1206250u\\\\0\\\0001ba\\\0\\\\\\\\\\\\\\
=014  1\$a4292033$bOCoLC
=022  \\$a0264-3839
=035  \\$a(OCoLC)4292033
=035  \\$a(TestILS)c12806614-01asu_inst
=245  00$aPhilosophical transactions of the Royal Society of London.$nB.
=561  \\$aTESTINST1
=583  \\$acommitted to retain$c20120625$dDecember 31, 2035$fTESTPROGRAM$fTESTPROGRAM Silver$uhttp://localhost/services/testprogram/docs/TESTPROGRAMProgramStatement.pdf
=583  \\$acompleteness reviewed$c20120625$fTESTPROGRAM$fTESTPROGRAM Silver$ivolume-level
=852  0\$aTESTINST1$bHDC$ctestprogram-trust$hQ41$i.L8 Ser. B
=866  30$80$a178(1887)-186(1895)

