=LDR  00845    a2200241 n 4500
=001  22954549470003841
=003  TestILS
=004  991011480619703841
=005  20210520081217.68
=007  ta
=008  1705080u\\\\0\\\0001ba\\\0\\\\\\\\\\\\\\
=014  1\$a1481490$bOCoLC
=022  0\$a0065-7743$l0065-7743
=030  \\$aARMCBI
=035  \\$a(OCoLC)1481490
=035  \\$a(TestILS)c14129528-01asu_inst
=245  00$aAnnual reports in medicinal chemistry.
=561  \\$aTESTINST1
=561  \\$aCPS
=583  \\$acommitted to retain$c20170508$dDecember 31, 2035$fTESTPROGRAM$fTESTPROGRAM Gold$uhttp://localhost/services/testprogram/docs/TESTPROGRAMProgramStatement.pdf
=583  \\$acompleteness reviewed$c20170508$fTESTPROGRAM$fTESTPROGRAM Gold$iissue-level$lmissing volumes$zmissing 1971
=583  \\$acondition reviewed$c20170508$fTESTPROGRAM$fTESTPROGRAM Gold$iissue-level
=852  0\$aTESTINST1$bHDC$ctestprogram-trust$hRS402$i.A65
=866  30$80$a1(1965)-(1970); 7(1972)-40(2005)

