=LDR  00685ny  a22002053n 4500
=001  22835467810003841
=003  TestILS
=004  991011820369703841
=005  20210520081217.74
=007  ta
=008  1305130u\\\\0\\\0001ba\\\0\\\\\\\\\\\\\\
=014  1\$a1793553$bOCoLC
=022  \\$a0094-5080$l0094-5080
=035  \\$a(OCoLC)1793553
=035  \\$a(TestILS)c13150893-01asu_inst
=245  00$aJournal of forest history.
=561  \\$aHTM
=583  \\$acommitted to retain$c20130513$dDecember 31, 2035$fTESTPROGRAM$fTESTPROGRAM Silver$uhttp://localhost/services/testprogram/docs/TESTPROGRAMProgramStatement.pdf
=583  \\$acompleteness reviewed$c20130513$fTESTPROGRAM$fTESTPROGRAM Silver$ivolume-level
=852  0\$aTESTINST1$bHDC$ctestprogram-trust$hSD140$i.F6
=866  30$80$a18(1974)-33(1989)

