=LDR  00762    a2200217 n 4500
=001  22878136360003841
=003  TestILS
=004  991033913999703841
=005  20210520081218.01
=007  ta
=008  1405080u\\\\0\\\0001ba\\\0\\\\\\\\\\\\\\
=014  1\$a11753509$bOCoLC
=022  0\$a0882-7850$l0882-7850$y0740-4344
=035  \\$a(OCoLC)11753509
=035  \\$a(TestILS)c13403047-01asu_inst
=245  00$aMagill's literary annual.$pHistory and biography.
=561  \\$aTESTINST1
=583  \\$acommitted to retain$c20140508$dDecember 31, 2035$fTESTPROGRAM$fTESTPROGRAM Gold$uhttp://localhost/services/testprogram/docs/TESTPROGRAMProgramStatement.pdf
=583  \\$acompleteness reviewed$c20140508$fTESTPROGRAM$fTESTPROGRAM Gold$iissue-level
=583  \\$acondition reviewed$c20140508$fTESTPROGRAM$fTESTPROGRAM Gold$iissue-level
=852  0\$aTESTINST1$bHDC$ctestprogram-trust$hD1$i.M27
=866  30$80$a(1984)-(1985)

