=LDR  00674nx  a22001931n 4500
=003  TestILS
=004  991002173449703841
=007  ta
=001  221115172810003841
=008  1908165u\\\\0\\\0000ba\\\0\\\\\\
=005  20210520081217.78
=022  \\$a1053-8402
=035  \\$a(OCoLC)22196529
=245  00$aAMS office, professional & data processing salaries report.
=583  \\$acommitted to retain$c20190823$dDecember 31, 2035$fTESTPROGRAM$fTESTPROGRAM Gold$uhttp://localhost/services/testprogram/docs/TESTPROGRAMProgramStatement.pdf
=583  \\$acompleteness reviewed$c20190823$fTESTPROGRAM$fTESTPROGRAM Gold$iissue level
=583  \\$acondition reviewed$c20190823$fTESTPROGRAM$fTESTPROGRAM Gold$iissue level
=561  \\$aTESTINST1
=852  0\$aTESTINST1$bHDC$ctestprogram-trust$hHD4966 .M392$iU57x
=866  30$80$ano.44(1990)-46(1992)

