=LDR  00581    a2200193 n 4500
=001  22950072020003841
=003  TestILS
=004  991016554559703841
=005  20210520081218.18
=007  ta
=008  1705260u\\\\0\\\0001ba\\\0\\\\\\\\\\\\\\
=014  1\$a3422040$bOCoLC
=022  \\$a0305-7259
=035  \\$a(OCoLC)3422040
=035  \\$a(TestILS)c1414797x-01asu_inst
=245  00$aMathematics in school.
=561  \\$aTESTINST1
=583  \\$acommitted to retain$c20170526$dDecember 31, 2035$fTESTPROGRAM$fTESTPROGRAM Bronze$uhttp://localhost/services/testprogram/docs/TESTPROGRAMProgramStatement.pdf
=852  0\$aTESTINST1$bHDC$ctestprogram-trust
=866  30$80$a21(1992)-34(2005)

