=LDR  00757ny  a22002053n 4500
=001  22958145720003841
=003  TestILS
=004  991025125429703841
=005  20210520081217.42
=007  ta
=008  1404160u\\\\0\\\0001ba\\\0\\\\\\\\\\\\\\
=014  1\$a6781857$bOCoLC
=022  0\$a0029-2710$l0029-2710
=035  \\$a(OCoLC)6781857
=035  \\$a(TestILS)c1339597x-01asu_inst
=245  00$aNorth Dakota history.
=561  \\$aTESTINST1
=583  \\$acommitted to retain$c20140416$dDecember 31, 2035$fTESTPROGRAM$fTESTPROGRAM Silver$uhttp://localhost/services/testprogram/docs/TESTPROGRAMProgramStatement.pdf
=583  \\$acompleteness reviewed$c20140416$fTESTPROGRAM$fTESTPROGRAM Silver$ivolume-level$lmissing volumes$zmissing vols. 13, 24-38
=852  0\$aTESTINST1$bHDC$ctestprogram-trust$hF631$i.N862
=866  30$80$a12(1945), 14(1947)-23(1956), 39(1972)-72(2005)

