=LDR  00781ny  a22002053n 4500
=001  22967909590003841
=003  TestILS
=004  991045211079703841
=005  20210520081218.06
=007  ta
=008  1312110u\\\\0\\\0001ba\\\0\\\\\\\\\\\\\\
=014  1\$a32838395$bOCoLC
=022  0\$a1083-5547
=035  \\$a(OCoLC)32838395
=035  \\$a(TestILS)c1328695x-01asu_inst
=245  04$aThe journal of real estate portfolio management.
=561  \\$aTESTINST1
=583  \\$acommitted to retain$c20131211$dDecember 31, 2035$fTESTPROGRAM$fTESTPROGRAM Silver$uhttp://localhost/services/testprogram/docs/TESTPROGRAMProgramStatement.pdf
=583  \\$acompleteness reviewed$c20131211$fTESTPROGRAM$fTESTPROGRAM Silver$ivolume-level$lmissing volumes$zmissing vol. 1 issue 2$lbinding patterns vary$zfor v.1-4 two volumes bound together as single piece
=852  0\$aTESTINST1$bHDC$ctestprogram-trust
=866  30$80$a1(1995)-11(2005)

