=LDR  00654nx  a22001931n 4500
=003  TestILS
=004  991011915679703841
=007  ta
=001  221134083900003841
=008  1912315u\\\\0\\\0000ba\\\0\\\\\\
=005  20210520081217.89
=022  \\$a0024-7278
=035  \\$a(OCoLC)2251731
=245  00$aLugano review.
=583  \\$acommitted to retain$c20191231$dDecember 31, 2035$fTESTPROGRAM$fTESTPROGRAM Gold$uhttp://localhost/services/testprogram/docs/TESTPROGRAMProgramStatement.pdf
=583  \\$acompleteness reviewed$c20191231$fTESTPROGRAM$fTESTPROGRAM Gold$iissue level
=583  \\$acondition reviewed$c20191231$fTESTPROGRAM$fTESTPROGRAM Gold$iissue level
=561  \\$aTESTINST1
=852  0\$aTESTINST1$bHDC$ctestprogram-trust$hAP4$i.L93
=866  30$80$a1(1965/66)

