=LDR  00623nx  a22001811n 4500
=003  TestILS
=004  991011808729703841
=007  ta
=001  221067281650003841
=008  1805140u\\\\0\\\0000ba\\\0\\\\\\
=005  20210520081217.98
=022  \\$a0090-6581
=035  \\$a(OCoLC)1787979
=245  00$aCosmetics and perfumery.
=583  \\$acommitted to retain$c20180514$dDecember 31, 2035$fTESTPROGRAM$fTESTPROGRAM Silver$uhttp://localhost/services/testprogram/docs/TESTPROGRAMProgramStatement.pdf
=583  \\$acompleteness reviewed$c20180514$fTESTPROGRAM$fTESTPROGRAM Silver$ivolume level$lmissing volumes$zmissing v.90
=561  \\$aTESTINST1
=852  0\$aTESTINST1$bHDC$ctestprogram-trust$hTP983 .A15
=866  30$80$a88(1973)-89(1974)

