=LDR  00736    a2200205 n 4500
=001  22820081600003841
=003  TestILS
=004  991026857729703841
=005  20210520081217.68
=007  ta
=008  1605010u\\\\0\\\0001ba\\\0\\\\\\\\\\\\\\
=014  1\$a6825315$bOCoLC
=035  \\$a(OCoLC)6825315
=035  \\$a(TestILS)c1378819x-01asu_inst
=245  00$aProduction & inventory management review & APICS news.
=561  \\$aTESTINST1
=583  \\$acommitted to retain$c20160501$dDecember 31, 2035$fTESTPROGRAM$fTESTPROGRAM Gold$uhttp://localhost/services/testprogram/docs/TESTPROGRAMProgramStatement.pdf
=583  \\$acompleteness reviewed$c20160501$fTESTPROGRAM$fTESTPROGRAM Gold$iissue-level$lmissing issues$zmissing v.1:6
=583  \\$acondition reviewed$c20160501$fTESTPROGRAM$fTESTPROGRAM Gold$iissue-level
=852  0\$aTESTINST1$bHDC$ctestprogram-trust
=866  30$80$a1(1981)-11(1991)

