=LDR  00756ny  a22002173n 4500
=001  22922748320003841
=003  TestILS
=004  991042397839703841
=005  20210520081217.59
=007  ta
=008  1505220u\\\\0\\\0001ba\\\0\\\\\\\\\\\\\\
=014  1\$a20228861$bOCoLC
=022  0\$a1045-7798
=030  \\$aBLRVE4
=035  \\$a(OCoLC)20228861
=035  \\$a(TestILS)c13605331-01asu_inst
=245  00$aBusiness library review.
=561  \\$aTESTINST1
=583  \\$acommitted to retain$c20150522$dDecember 31, 2035$fTESTPROGRAM$fTESTPROGRAM Silver$uhttp://localhost/services/testprogram/docs/TESTPROGRAMProgramStatement.pdf
=583  \\$acompleteness reviewed$c20150522$fTESTPROGRAM$fTESTPROGRAM Silver$ivolume-level$lmissing volumes$zmissing vol. 18 issues 1-2; vols. 19-23
=852  0\$aTESTINST1$bHDC$ctestprogram-trust$hHG1$i.B97
=866  30$80$a16(1990)-18(1993)

