=LDR  00726nx  a22001931n 4500
=003  TestILS
=004  991045781639703841
=007  ta
=001  221147858460003841
=008  2006305u\\\\0\\\0000ba\\\0\\\\\\
=005  20210520081217.73
=022  \\$a8756-4785
=035  \\$a(OCoLC)12603252
=245  00$aJournal of Theta Alpha Kappa.
=583  \\$acommitted to retain$c20200630$dDecember 31, 2035$fTESTPROGRAM$fTESTPROGRAM Gold$uhttp://localhost/services/testprogram/docs/TESTPROGRAMProgramStatement.pdf
=583  \\$acompleteness reviewed$c20200630$fTESTPROGRAM$fTESTPROGRAM Gold$iissue level$lmissing issues$zmissing v.1-19, v.20:1,v.32:2, v.31, v.34:2
=583  \\$acondition reviewed$c20200630$fTESTPROGRAM$fTESTPROGRAM Gold$iissue level
=561  \\$aTESTINST1
=852  0\$aTESTINST1$bHDC$ctestprogram-trust$hBV4030$i.J68
=866  30$80$a20(1996)-39(2015)

