=LDR  00661nx  a22001931n 4500
=003  TestILS
=004  991020813759703841
=007  ta
=001  221129718730003841
=008  1908165u\\\\0\\\0000ba\\\0\\\\\\
=005  20210520081217.83
=022  \\$a0276-1602
=035  \\$a(OCoLC)4287477
=245  10$aBulletin of bibliography.
=583  \\$acommitted to retain$c20190923$dDecember 31, 2035$fTESTPROGRAM$fTESTPROGRAM Gold$uhttp://localhost/services/testprogram/docs/TESTPROGRAMProgramStatement.pdf
=583  \\$acompleteness reviewed$c20190923$fTESTPROGRAM$fTESTPROGRAM Gold$iissue level
=583  \\$acondition reviewed$c20190923$fTESTPROGRAM$fTESTPROGRAM Gold$iissue level
=561  \\$aTESTINST1
=852  0\$aTESTINST1$bHDC$ctestprogram-trust$hZ1007$i.B94
=866  30$80$a1(1897)-4(1907)

