=LDR  00668nx  a22001931n 4500
=003  TestILS
=004  991014181649703841
=007  ta
=001  221067287910003841
=008  1805140u\\\\0\\\0000ba\\\0\\\\\\
=005  20210520081217.93
=022  \\$a0030-8544
=035  \\$a(OCoLC)5065205
=245  10$aPacific builder & engineer.
=583  \\$acommitted to retain$c20180514$dDecember 31, 2035$fTESTPROGRAM$fTESTPROGRAM Silver$uhttp://localhost/services/testprogram/docs/TESTPROGRAMProgramStatement.pdf
=583  \\$acompleteness reviewed$c20180514$fTESTPROGRAM$fTESTPROGRAM Silver$ivolume level$lmissing volumes$zmissing v.96:1-10, 105:8-9, 106:17-18?
=561  \\$aTESTINST1
=561  \\$aUUS
=852  0\$aTESTINST1$bHDC$ctestprogram-trust$hTH1$i.P2
=866  30$80$a75(1969)-111(2005)

