=LDR  00720ny  a22002173n 4500
=001  22932400000003841
=003  TestILS
=004  991032319129703841
=005  20210520081218.04
=007  ta
=008  1306030u\\\\0\\\0001ba\\\0\\\\\\\\\\\\\\
=014  1\$a10218735$bOCoLC
=022  0\$a0743-5088
=035  \\$a(OCoLC)10218735
=035  \\$a(TestILS)c13182687-01asu_inst
=245  00$aPride Institute Journal of long term home health care.
=561  \\$aTESTINST1
=583  \\$acommitted to retain$c20130603$dDecember 31, 2035$fTESTPROGRAM$fTESTPROGRAM Silver$uhttp://localhost/services/testprogram/docs/TESTPROGRAMProgramStatement.pdf
=583  \\$acompleteness reviewed$c20130603$fTESTPROGRAM$fTESTPROGRAM Silver$ivolume-level$lreprint$zvol. 3 issue 1 Reprint
=852  0\$aTESTINST1$bHDC$ctestprogram-trust
=866  30$80$a1(1982)-12(1993)
=868  30$80$a1992

