=LDR  00580ny  a22001933n 4500
=001  22965436940003841
=003  TestILS
=004  991025118809703841
=005  20210520081217.41
=007  ta
=008  1205030u\\\\0\\\0001ba\\\0\\\\\\\\\\\\\\
=014  1\$a6678671$bOCoLC
=022  \\$a0013-0451
=035  \\$a(OCoLC)6678671
=035  \\$a(TestILS)c12690302-01asu_inst
=245  00$aEconomics of planning.
=561  \\$aTESTINST1
=583  \\$acommitted to retain$c20120503$dDecember 31, 2035$fTESTPROGRAM$fTESTPROGRAM Bronze$uhttp://localhost/services/testprogram/docs/TESTPROGRAMProgramStatement.pdf
=852  0\$aTESTINST1$bHDC$ctestprogram-trust
=866  30$80$a3(1963)-36(2003)

