=LDR  00517ny  a22001693n 4500
=003  TestILS
=004  991012180719703841
=005  20210520081217.62
=001  221156616380003841
=007  ta
=008  2011090u\\\\0\\\0000ba\\\0\\\\\\
=022  \\$a1360-0982
=035  \\$a(OCoLC)30506338
=245  10$aIndex Islamicus.
=561  \\$aTESTINST1
=583  \\$acommitted to retain$c20201109$d20351231$fTESTPROGRAM$fTESTPROGRAM Bronze$uhttp://localhost/services/testprogram/docs/TESTPROGRAMProgramStatement.pdf
=852  0\$aTESTINST1$bHDC$ctestprogram-trust$hDS35.3$i.I53x
=866  30$80$a(1665)-(1991), (1993)-(2003)

