=LDR  00722nx  a22002051n 4500
=003  TestILS
=004  991011449919703841
=007  ta
=001  221065099430003841
=008  1805040u\\\\0\\\0000ba\\\0\\\\\\
=005  20210520081217.71
=022  \\$a0021-9738
=035  \\$a(OCoLC)1445593
=245  04$aThe journal of clinical investigation.
=583  \\$acommitted to retain$c20180504$dDecember 31, 2035$fTESTPROGRAM$fTESTPROGRAM Silver$uhttp://localhost/services/testprogram/docs/TESTPROGRAMProgramStatement.pdf
=583  \\$acompleteness reviewed$c20180504$fTESTPROGRAM$fTESTPROGRAM Silver$ivolume level$lmissing volumes$zmissing missing v.108:10-12
=561  \\$aTESTINST1
=852  0\$aTESTINST1$bHDC$ctestprogram-trust$hR11 .J67
=866  30$80$a1(1924)-116(2006)
=868  30$80$a98(1996), 100(1997), 104(1999)
=868  30$80$a1(1924)-17(1938)

