=LDR  00661ny  a22002053n 4500
=001  22882576310003841
=003  TestILS
=004  991018865059703841
=005  20210520081217.72
=007  ta
=008  1205150u\\\\0\\\0001ba\\\0\\\\\\\\\\\\\\
=014  1\$a4148010$bOCoLC
=022  0\$a0162-2641
=035  \\$a(OCoLC)4148010
=035  \\$a(TestILS)c12692335-01asu_inst
=245  00$aJournal of instructional development :$bJID /$cAssociation for Educational Communications & Technology.
=561  \\$aTESTINST1
=583  \\$acommitted to retain$c20120515$dDecember 31, 2035$fTESTPROGRAM$fTESTPROGRAM Silver$uhttp://localhost/services/testprogram/docs/TESTPROGRAMProgramStatement.pdf
=583  \\$acompleteness reviewed$c20120515$fTESTPROGRAM$fTESTPROGRAM Silver$ivolume-level
=852  0\$aTESTINST1$bHDC$ctestprogram-trust
=866  30$80$a1(1977)-11(1988)

