=LDR  00629nx  a22001811n 4500
=003  TestILS
=004  991007537759703841
=007  ta
=001  221067402890003841
=008  1805165u\\\\0\\\0000ba\\\0\\\\\\
=005  20210520081217.49
=035  \\$a(OCoLC)26374373
=245  00$aInvestment companies.
=583  \\$acommitted to retain$c20180523$dDecember 31, 2035$fTESTPROGRAM$fTESTPROGRAM Gold$uhttp://localhost/services/testprogram/docs/TESTPROGRAMProgramStatement.pdf
=583  \\$acompleteness reviewed$c20180523$fTESTPROGRAM$fTESTPROGRAM Gold$iissue level
=583  \\$acondition reviewed$c20180523$fTESTPROGRAM$fTESTPROGRAM Gold$iissue level
=561  \\$aTESTINST1
=852  0\$aTESTINST1$bHDC$ctestprogram-trust$hHG 4930 .I48x
=866  30$80$a(1992)

