=LDR  00666nx  a22001931n 4500
=003  TestILS
=004  991020258509703841
=007  ta
=001  221147859060003841
=008  2006305u\\\\0\\\0000ba\\\0\\\\\\
=005  20210520081217.82
=022  \\$a0144-008X
=035  \\$a(OCoLC)3954119
=245  10$aJournal.
=583  \\$acommitted to retain$c20200630$dDecember 31, 2035$fTESTPROGRAM$fTESTPROGRAM Gold$uhttp://localhost/services/testprogram/docs/TESTPROGRAMProgramStatement.pdf
=583  \\$acompleteness reviewed$c20200630$fTESTPROGRAM$fTESTPROGRAM Gold$iissue level
=583  \\$acondition reviewed$c20200630$fTESTPROGRAM$fTESTPROGRAM Gold$iissue level
=561  \\$aTESTINST1
=852  0\$aTESTINST1$bHDC$ctestprogram-trust$hPR461$i.E4x
=866  30$80$ano. 6(1975)-29(2002)

