=LDR  00790    a2200229 n 4500
=001  22833171570003841
=003  TestILS
=004  991008753599703841
=005  20210520081217.53
=007  ta
=008  1505060u\\\\0\\\0001ba\\\0\\\\\\\\\\\\\\
=014  1\$a1157048$bOCoLC
=022  0\$a0028-4203
=035  \\$a(OCoLC)1157048
=035  \\$a(TestILS)c13597358-01asu_inst
=245  00$aNew.
=561  \\$aTESTINST1
=561  \\$aCUZ
=583  \\$acommitted to retain$c20150506$dDecember 31, 2035$fTESTPROGRAM$fTESTPROGRAM Gold$uhttp://localhost/services/testprogram/docs/TESTPROGRAMProgramStatement.pdf
=583  \\$acompleteness reviewed$c20150506$fTESTPROGRAM$fTESTPROGRAM Gold$iissue-level$lmissing volumes$zmissing no. 27-28
=583  \\$acondition reviewed$c20150506$fTESTPROGRAM$fTESTPROGRAM Gold$iissue-level
=852  0\$aTESTINST1$bHDC$ctestprogram-trust
=866  30$80$ano.1(1966)-26(1975)

