=LDR  00730    a2200217 n 4500
=001  22882331360003841
=003  TestILS
=004  991011902099703841
=005  20210520081217.88
=007  ta
=008  1505010u\\\\0\\\0001ba\\\0\\\\\\\\\\\\\\
=014  1\$a2243715$bOCoLC
=022  \\$a0046-1091
=035  \\$a(OCoLC)2243715
=035  \\$a(TestILS)c13596950-01asu_inst
=245  00$aEchoes of history.
=561  \\$aTESTINST1
=583  \\$acommitted to retain$c20150501$dDecember 31, 2035$fTESTPROGRAM$fTESTPROGRAM Gold$uhttp://localhost/services/testprogram/docs/TESTPROGRAMProgramStatement.pdf
=583  \\$acompleteness reviewed$c20150501$fTESTPROGRAM$fTESTPROGRAM Gold$iissue-level
=583  \\$acondition reviewed$c20150501$fTESTPROGRAM$fTESTPROGRAM Gold$iissue-level
=852  0\$aTESTINST1$bHDC$ctestprogram-trust
=866  30$80$a1(1970)-6(1976)

