=LDR  00871    a2200229 n 4500
=001  22833235660003841
=003  TestILS
=004  991008754509703841
=005  20210520081217.53
=007  ta
=008  1502170u\\\\0\\\0001ba\\\0\\\\\\\\\\\\\\
=014  1\$a1160944$bOCoLC
=022  0\$a0019-9966$l0019-9966$z0095-4853
=035  \\$a(OCoLC)1160944
=035  \\$a(TestILS)c13568577-01asu_inst
=245  00$aInformation and records management.
=561  \\$aORZ
=561  \\$aKKS
=583  \\$acommitted to retain$c20150217$dDecember 31, 2035$fTESTPROGRAM$fTESTPROGRAM Gold$uhttp://localhost/services/testprogram/docs/TESTPROGRAMProgramStatement.pdf
=583  \\$acompleteness reviewed$c20150217$fTESTPROGRAM$fTESTPROGRAM Gold$iissue-level$lmissing issues$zmissing v.1:3-4,6; v.4:1-3
=583  \\$acondition reviewed$c20150217$fTESTPROGRAM$fTESTPROGRAM Gold$iissue-level$lmissing image$zv.2:4 missing image pg.27
=852  0\$aTESTINST1$bHDC$ctestprogram-trust$hHF5736$i.I5
=866  30$80$a1(1966)-7(1973)

