=LDR  00779    a2200229 n 4500
=001  22837523120003841
=003  TestILS
=004  991008781179703841
=005  20210520081217.95
=007  ta
=008  1605010u\\\\0\\\0001ba\\\0\\\\\\\\\\\\\\
=014  1\$a1308600$bOCoLC
=022  0\$a0065-2881$l0065-2881
=030  \\$aAMBYAR
=035  \\$a(OCoLC)1308600
=035  \\$a(TestILS)c13793056-01asu_inst
=245  10$aAdvances in marine biology.
=561  \\$aTESTINST1
=583  \\$acommitted to retain$c20160501$dDecember 31, 2035$fTESTPROGRAM$fTESTPROGRAM Gold$uhttp://localhost/services/testprogram/docs/TESTPROGRAMProgramStatement.pdf
=583  \\$acompleteness reviewed$c20160501$fTESTPROGRAM$fTESTPROGRAM Gold$iissue-level
=583  \\$acondition reviewed$c20160501$fTESTPROGRAM$fTESTPROGRAM Gold$iissue-level
=852  0\$aTESTINST1$bHDC$ctestprogram-trust$hQH91.A1$iA22
=866  30$80$a1(1963)-49(2005)

