=LDR  00801    a2200229 n 4500
=001  22822389680003841
=003  TestILS
=004  991011781199703841
=005  20210520081217.97
=007  ta
=008  1505150u\\\\0\\\0001ba\\\0\\\\\\\\\\\\\\
=014  1\$a1781794$bOCoLC
=022  \\$a0148-8880
=035  \\$a(OCoLC)1781794
=035  \\$a(TestILS)c13598661-01asu_inst
=245  10$aFinancial reporting trends.$pLife insurance.
=561  \\$aTESTINST1
=561  \\$aORZ
=583  \\$acommitted to retain$c20150515$dDecember 31, 2035$fTESTPROGRAM$fTESTPROGRAM Gold$uhttp://localhost/services/testprogram/docs/TESTPROGRAMProgramStatement.pdf
=583  \\$acompleteness reviewed$c20150515$fTESTPROGRAM$fTESTPROGRAM Gold$iissue-level$lmissing volumes$zmissing 1973, 1976
=583  \\$acondition reviewed$c20150515$fTESTPROGRAM$fTESTPROGRAM Gold$iissue-level
=852  0\$aTESTINST1$bHDC$ctestprogram-trust
=866  30$80$a(1972), (1975), (1977)-(1980)

