=LDR  00704    a2200205 n 4500
=001  22850241980003841
=003  TestILS
=004  991041199829703841
=005  20210520081217.58
=007  ta
=008  1405080u\\\\0\\\0001ba\\\0\\\\\\\\\\\\\\
=014  1\$a18666684$bOCoLC
=035  \\$a(OCoLC)18666684
=035  \\$a(TestILS)c13402705-01asu_inst
=245  00$aSCPS yearbook on PLA affairs.
=561  \\$aTESTINST1
=583  \\$acommitted to retain$c20140508$dDecember 31, 2035$fTESTPROGRAM$fTESTPROGRAM Gold$uhttp://localhost/services/testprogram/docs/TESTPROGRAMProgramStatement.pdf
=583  \\$acompleteness reviewed$c20140508$fTESTPROGRAM$fTESTPROGRAM Gold$iissue-level
=583  \\$acondition reviewed$c20140508$fTESTPROGRAM$fTESTPROGRAM Gold$iissue-level
=852  0\$aTESTINST1$bHDC$ctestprogram-trust
=866  30$80$a(1987)-(1989)

