=LDR  00890nx  a22001931n 4500
=003  TestILS
=004  991016534969703841
=007  ta
=001  221147438840003841
=008  2005315u\\\\0\\\0000ba\\\0\\\\\\
=005  20210520081218.17
=022  \\$a0083-5889
=035  \\$a(OCoLC)3164594
=245  00$aSupplements to Vetus testamentum.
=583  \\$acommitted to retain$c20200531$dDecember 31, 2035$fTESTPROGRAM$fTESTPROGRAM Gold$uhttp://localhost/services/testprogram/docs/TESTPROGRAMProgramStatement.pdf
=583  \\$acompleteness reviewed$c20200531$fTESTPROGRAM$fTESTPROGRAM Gold$iissue level
=583  \\$acondition reviewed$c20200531$fTESTPROGRAM$fTESTPROGRAM Gold$iissue level
=561  \\$aTESTINST1
=852  0\$aTESTINST1$bHDC$ctestprogram-trust$hBS410$i.V452
=866  30$80$a2(1955), 4(1957)-5(1965), 8(1961)-9(1963), 11(1964)-15(1966), 17(1969)-18(1970), 20(1970)-25(1974), 27(1974)-29(1978), 31(1981)-68(1997), 101(2006), 106(2005), 109(2006)-110(2006), 112(2007), 115(2007)-116(2007), 124(2009)-126(2009), 128(2009)

