=LDR  00763    a2200229 n 4500
=001  22849995980003841
=003  TestILS
=004  991011825909703841
=005  20210520081217.75
=007  ta
=008  1605090u\\\\0\\\0001ba\\\0\\\\\\\\\\\\\\
=014  1\$a1794985$bOCoLC
=022  \\$a0097-0042
=035  \\$a(OCoLC)1794985
=035  \\$a(TestILS)c13793743-01asu_inst
=245  00$aRailroad research bulletin.
=561  \\$aTESTINST1
=583  \\$acommitted to retain$c20160509$dDecember 31, 2035$fTESTPROGRAM$fTESTPROGRAM Gold$uhttp://localhost/services/testprogram/docs/TESTPROGRAMProgramStatement.pdf
=583  \\$acompleteness reviewed$c20160509$fTESTPROGRAM$fTESTPROGRAM Gold$iissue-level
=583  \\$acondition reviewed$c20160509$fTESTPROGRAM$fTESTPROGRAM Gold$iissue-level
=852  0\$aTESTINST1$bHDC$ctestprogram-trust
=866  30$80$a1(1974)-8(1981)
=868  30$80$a(1973)-(1975)

