=LDR  00791ny  a22002173n 4500
=001  22887607770003841
=003  TestILS
=004  991011585609703841
=005  20210520081217.79
=007  ta
=008  1306110u\\\\0\\\0001ba\\\0\\\\\\\\\\\\\\
=014  1\$a1604387$bOCoLC
=022  \\$a0040-5841
=035  \\$a(OCoLC)1604387
=035  \\$a(TestILS)c13184489-01asu_inst
=245  00$aTheory into practice.
=561  \\$aTESTINST1
=561  \\$aWYU
=583  \\$acommitted to retain$c20130611$dDecember 31, 2035$fTESTPROGRAM$fTESTPROGRAM Silver$uhttp://localhost/services/testprogram/docs/TESTPROGRAMProgramStatement.pdf
=583  \\$acompleteness reviewed$c20130611$fTESTPROGRAM$fTESTPROGRAM Silver$ivolume-level$lbinding patterns vary$zfor vols. 1-4, 7-8, 13-16, 21-28 two volumes bound together as single piece
=852  0\$aTESTINST1$bHDC$ctestprogram-trust$hL11$i.T7
=866  30$80$a1(1962)-44(2005)

