=LDR  00684nx  a22001931n 4500
=003  TestILS
=004  991011588399703841
=007  ta
=001  221067287730003841
=008  1805140u\\\\0\\\0000ba\\\0\\\\\\
=005  20210520081217.79
=022  \\$a0032-1540
=035  \\$a(OCoLC)1605120
=245  00$aPlays.
=583  \\$acommitted to retain$c20180514$dDecember 31, 2035$fTESTPROGRAM$fTESTPROGRAM Silver$uhttp://localhost/services/testprogram/docs/TESTPROGRAMProgramStatement.pdf
=583  \\$acompleteness reviewed$c20180514$fTESTPROGRAM$fTESTPROGRAM Silver$ivolume level$lmissing volumes$zmissing v.9-17; v.18:1,3-8
=561  \\$aTESTINST1
=561  \\$aUUS
=852  0\$aTESTINST1$bHDC$ctestprogram-trust$hPN1601 .P6
=866  30$80$a1(1941/1942)-8(1948/1949), 18(1958)-65(2006)

