=LDR  00758    a2200229 n 4500
=001  22944493330003841
=003  TestILS
=004  991016533499703841
=005  20210520081218.17
=007  ta
=008  1405080u\\\\0\\\0001ba\\\0\\\\\\\\\\\\\\
=014  1\$a3145291$bOCoLC
=022  1\$a0270-1715
=035  \\$a(OCoLC)3145291
=035  \\$a(TestILS)c13402511-01asu_inst
=245  00$aAccredited institutions of postsecondary education, programs, candidates /$cpublished for the Council on Postsecondary Accreditation.
=561  \\$aTESTINST1
=561  \\$aIYU
=583  \\$acommitted to retain$c20140508$dDecember 31, 2035$fTESTPROGRAM$fTESTPROGRAM Gold$uhttp://localhost/services/testprogram/docs/TESTPROGRAMProgramStatement.pdf
=583  \\$acompleteness reviewed$c20140508$fTESTPROGRAM$fTESTPROGRAM Gold$iissue-level
=583  \\$acondition reviewed$c20140508$fTESTPROGRAM$fTESTPROGRAM Gold$iissue-level
=852  0\$aTESTINST1$bHDC$ctestprogram-trust
=866  30$80$a(1976/1977)-(2005/2006)

