=LDR  00521ny  a22001693n 4500
=003  TestILS
=004  991018826109703841
=005  20210520081217.64
=001  221098771920003841
=007  ta
=008  1901110u\\\\0\\\0001aa\\\0\\\\\\\\\\\\\8
=022  \\$a2047-234X
=035  \\$a(OCoLC)3591265
=245  10$aMiscellanies /$cJewish Historical Society of England.
=561  \\$aTESTINST1
=583  \\$acommitted to retain$c20190116$dDecember 31, 2035$fTESTPROGRAM$fTESTPROGRAM Bronze$uhttp://localhost/services/testprogram/docs/TESTPROGRAMProgramStatement.pdf
=852  0\$aTESTINST1$bHDC$ctestprogram-trust$hDS135 .E5$iA23
=866  30$80$a1(1925)-6(1962)

