=LDR  00661nx  a22001931n 4500
=003  TestILS
=004  991011660999703841
=007  ta
=001  221129597290003841
=008  1908165u\\\\0\\\0000ba\\\0\\\\\\
=005  20210520081217.61
=022  \\$a0589-1663
=035  \\$a(OCoLC)1716660
=245  10$aPapers delivered at the Conference.
=583  \\$acommitted to retain$c20190923$dDecember 31, 2035$fTESTPROGRAM$fTESTPROGRAM Gold$uhttp://localhost/services/testprogram/docs/TESTPROGRAMProgramStatement.pdf
=583  \\$acompleteness reviewed$c20190923$fTESTPROGRAM$fTESTPROGRAM Gold$iissue level
=583  \\$acondition reviewed$c20190923$fTESTPROGRAM$fTESTPROGRAM Gold$iissue level
=561  \\$aTESTINST1
=852  0\$aTESTINST1$bHDC$ctestprogram-trust$hF2171$i.F6
=866  30$80$a1(1950)-17(1966)

