=LDR  00744    a2200217 n 4500
=001  22846726770003841
=003  TestILS
=004  991035508539703841
=005  20210520081217.98
=007  ta
=008  1306100u\\\\0\\\0001ba\\\0\\\\\\\\\\\\\\
=014  1\$a12761188$bOCoLC
=022  0\$a0885-8462
=035  \\$a(OCoLC)12761188
=035  \\$a(TestILS)c13183655-01asu_inst
=245  00$aContemporary graphic artists.
=561  \\$aTESTINST1
=583  \\$acommitted to retain$c20130610$dDecember 31, 2035$fTESTPROGRAM$fTESTPROGRAM Gold$uhttp://localhost/services/testprogram/docs/TESTPROGRAMProgramStatement.pdf
=583  \\$acompleteness reviewed$c20130610$fTESTPROGRAM$fTESTPROGRAM Gold$iissue-level
=583  \\$acondition reviewed$c20130610$fTESTPROGRAM$fTESTPROGRAM Gold$iissue-level
=852  0\$aTESTINST1$bHDC$ctestprogram-trust$hNC45$i.C6x
=866  30$80$a1(1986)-3(1988)

