=LDR  00634nx  a22001811n 4500
=003  TestILS
=004  991028896209703841
=007  ta
=001  221171248530003841
=008  2105100u\\\\0\\\0000ba\\\0\\\\\\
=005  20210520081218.19
=022  \\$a2471-223X
=035  \\$a(OCoLC)8184078
=245  10$aYearbook of Southwest Reading Conference for Colleges and Universities.
=583  \\$acommitted to retain$c20201207$d20351231$fTESTPROGRAM$fTESTPROGRAM Silver$uhttp://localhost/services/testprogram/docs/TESTPROGRAMProgramStatement.pdf
=583  \\$acompleteness reviewed$c20201207$fTESTPROGRAM$fTESTPROGRAM Silver$ivolume level$lmissing volumes$zmissing no. 2(1952)-3(1953)
=561  \\$aTESTINST1
=852  0\$aTESTINST1$bHDC$ctestprogram-trust$hLB2365.R4$iN3
=866  30$80$ano. 4(1954)-6(1957)

