=LDR  00783    a2200217 n 4500
=001  22819618930003841
=003  TestILS
=004  991020881879703841
=005  20210520081217.86
=007  ta
=008  1505270u\\\\0\\\0001ba\\\0\\\\\\\\\\\\\\
=014  1\$a4968810$bOCoLC
=022  0\$a0191-8028
=035  \\$a(OCoLC)4968810
=035  \\$a(TestILS)c13606293-01asu_inst
=245  00$aInternational security review.
=561  \\$aTESTINST1
=583  \\$acommitted to retain$c20150527$dDecember 31, 2035$fTESTPROGRAM$fTESTPROGRAM Gold$uhttp://localhost/services/testprogram/docs/TESTPROGRAMProgramStatement.pdf
=583  \\$acompleteness reviewed$c20150527$fTESTPROGRAM$fTESTPROGRAM Gold$iissue-level$lmissing volumes$zmissing vols. 3-4
=583  \\$acondition reviewed$c20150527$fTESTPROGRAM$fTESTPROGRAM Gold$iissue-level
=852  0\$aTESTINST1$bHDC$ctestprogram-trust$hH1$i.I67x
=866  30$80$a5(1980)-7, no.3(1982)

