=LDR  00637nx  a22001811n 4500
=003  TestILS
=004  991011436179703841
=007  ta
=001  221114396600003841
=008  1905310u\\\\0\\\0000ba\\\0\\\\\\
=005  20210520081217.70
=022  \\$a0071-6561
=035  \\$a(OCoLC)1334596
=245  00$aFodor's guide to the Caribbean, Bahamas, and Bermuda.
=583  \\$acommitted to retain$c20190531$dDecember 31, 2035$fTESTPROGRAM$fTESTPROGRAM Silver$uhttp://localhost/services/testprogram/docs/TESTPROGRAMProgramStatement.pdf
=583  \\$acompleteness reviewed$c20190531$fTESTPROGRAM$fTESTPROGRAM Silver$ivolume level$lmissing volumes$zmissing (1960)-(1966), (1968)-(1976)
=561  \\$aTESTINST1
=852  0\$aTESTINST1$bHDC$ctestprogram-trust$hF2171$i.F65
=866  30$80$a(1967)

