=LDR  00738    a2200205 n 4500
=001  22839350640003841
=003  TestILS
=004  991033894889703841
=005  20210520081218.00
=007  ta
=008  1605010u\\\\0\\\0001ba\\\0\\\\\\\\\\\\\\
=014  1\$a11241697$bOCoLC
=035  \\$a(OCoLC)11241697
=035  \\$a(TestILS)c13792398-01asu_inst
=245  00$aSteinbeck newsletter.
=561  \\$aTESTINST1
=583  \\$acommitted to retain$c20160501$dDecember 31, 2035$fTESTPROGRAM$fTESTPROGRAM Gold$uhttp://localhost/services/testprogram/docs/TESTPROGRAMProgramStatement.pdf
=583  \\$acompleteness reviewed$c20160501$fTESTPROGRAM$fTESTPROGRAM Gold$iissue-level$lReprints$zv.1-2 Reprints
=583  \\$acondition reviewed$c20160501$fTESTPROGRAM$fTESTPROGRAM Gold$iissue-level
=852  0\$aTESTINST1$bHDC$ctestprogram-trust
=866  30$80$a1(1968)-2, no.2(1969)

