=LDR  00728    a2200205 n 4500
=001  22935159430003841
=003  TestILS
=004  991018128499703841
=005  20210520081217.63
=007  ta
=008  1605200u\\\\0\\\0001ba\\\0\\\\\\\\\\\\\\
=014  1\$a16744303$bOCoLC
=035  \\$a(OCoLC)16744303
=035  \\$a(TestILS)c13831537-01asu_inst
=245  00$aNewsletter /$cACLS.
=561  \\$aTESTINST1
=583  \\$acommitted to retain$c20160520$dDecember 31, 2035$fTESTPROGRAM$fTESTPROGRAM Gold$uhttp://localhost/services/testprogram/docs/TESTPROGRAMProgramStatement.pdf
=583  \\$acompleteness reviewed$c20160520$fTESTPROGRAM$fTESTPROGRAM Gold$iissue-level
=583  \\$acondition reviewed$c20160520$fTESTPROGRAM$fTESTPROGRAM Gold$iissue-level
=852  0\$aTESTINST1$bHDC$ctestprogram-trust$hAS36$i.A48556
=866  30$80$aser.2, 1(1987)-4(1997)

