=LDR  00706ny  a22002053n 4500
=001  22960501840003841
=003  TestILS
=004  991021251619703841
=005  20210520081217.36
=007  ta
=008  1306030u\\\\0\\\0001ba\\\0\\\\\\\\\\\\\\
=014  1\$a11816969$bOCoLC
=022  0\$a0892-8819
=035  \\$a(OCoLC)11816969
=035  \\$a(TestILS)c13182511-01asu_inst
=245  04$aThe animals' agenda.
=561  \\$aTESTINST1
=583  \\$acommitted to retain$c20130603$dDecember 31, 2035$fTESTPROGRAM$fTESTPROGRAM Silver$uhttp://localhost/services/testprogram/docs/TESTPROGRAMProgramStatement.pdf
=583  \\$acompleteness reviewed$c20130603$fTESTPROGRAM$fTESTPROGRAM Silver$ivolume-level$lmissing volumes$zmissing vols. 5-9
=852  0\$aTESTINST1$bHDC$ctestprogram-trust
=866  30$80$a10(1990)-22, no.2(2002)

