=LDR  00735ny  a22002053n 4500
=001  22934102930003841
=003  TestILS
=004  991027121009703841
=005  20210520081217.68
=007  ta
=008  1505270u\\\\0\\\0001ba\\\0\\\\\\\\\\\\\\
=014  1\$a7095411$bOCoLC
=022  \\$a0101-2657
=035  \\$a(OCoLC)7095411
=035  \\$a(TestILS)c13605720-01asu_inst
=245  00$aComunicação e sociedade.
=561  \\$aTESTINST1
=583  \\$acommitted to retain$c20150527$dDecember 31, 2035$fTESTPROGRAM$fTESTPROGRAM Silver$uhttp://localhost/services/testprogram/docs/TESTPROGRAMProgramStatement.pdf
=583  \\$acompleteness reviewed$c20150527$fTESTPROGRAM$fTESTPROGRAM Silver$ivolume-level$lmissing volumes$zmissing vols. 30, 32-33
=852  0\$aTESTINST1$bHDC$ctestprogram-trust
=866  30$80$ano.1(1979)-29(1998), 31(1999), 34(2000)-44(2005)

