=LDR  00661ny  a22002053n 4500
=001  22944447550003841
=003  TestILS
=004  991017295509703841
=005  20210520081218.19
=007  ta
=008  1505270u\\\\0\\\0001ba\\\0\\\\\\\\\\\\\\
=014  1\$a2452883$bOCoLC
=022  \\$a0341-8642
=035  \\$a(OCoLC)2452883
=035  \\$a(TestILS)c13605628-01asu_inst
=245  10$aIndiana.
=561  \\$aTESTINST1
=583  \\$acommitted to retain$c20150527$dDecember 31, 2035$fTESTPROGRAM$fTESTPROGRAM Silver$uhttp://localhost/services/testprogram/docs/TESTPROGRAMProgramStatement.pdf
=583  \\$acompleteness reviewed$c20150527$fTESTPROGRAM$fTESTPROGRAM Silver$ivolume-level
=852  0\$aTESTINST1$bHDC$ctestprogram-trust
=866  30$80$a1(1973)-22(2005)

