=LDR  00789    a2200229 n 4500
=001  22935624220003841
=003  TestILS
=004  991014180959703841
=005  20210520081217.93
=007  ta
=008  1605010u\\\\0\\\0001ba\\\0\\\\\\\\\\\\\\
=014  1\$a2448381$bOCoLC
=022  0\$a0024-9106
=030  \\$aMTBBA3
=035  \\$a(OCoLC)2448381
=035  \\$a(TestILS)c13792854-01asu_inst
=245  00$aMachine and tool blue book.
=561  \\$aTESTINST1
=583  \\$acommitted to retain$c20160501$dDecember 31, 2035$fTESTPROGRAM$fTESTPROGRAM Gold$uhttp://localhost/services/testprogram/docs/TESTPROGRAMProgramStatement.pdf
=583  \\$acompleteness reviewed$c20160501$fTESTPROGRAM$fTESTPROGRAM Gold$iissue-level$lmissing volumes$zmissing v.43-63
=583  \\$acondition reviewed$c20160501$fTESTPROGRAM$fTESTPROGRAM Gold$iissue-level
=852  0\$aTESTINST1$bHDC$ctestprogram-trust
=866  30$80$a64(1969)-85(1990)

