=LDR  00665ny  a22002053n 4500
=001  22926479940003841
=003  TestILS
=004  991014194629703841
=005  20210520081217.93
=007  ta
=008  1306120u\\\\0\\\0001ba\\\0\\\\\\\\\\\\\\
=014  1\$a2520373$bOCoLC
=022  0\$a0363-9797
=035  \\$a(OCoLC)2520373
=035  \\$a(TestILS)c13185299-01asu_inst
=245  10$aProceedings of the annual meeting of the Human Factors Society.
=561  \\$aTESTINST1
=583  \\$acommitted to retain$c20130612$dDecember 31, 2035$fTESTPROGRAM$fTESTPROGRAM Silver$uhttp://localhost/services/testprogram/docs/TESTPROGRAMProgramStatement.pdf
=583  \\$acompleteness reviewed$c20130612$fTESTPROGRAM$fTESTPROGRAM Silver$ivolume-level
=852  0\$aTESTINST1$bHDC$ctestprogram-trust
=866  30$80$ano.16(1972)-17(1973)

