=LDR  00575nx  a22001691n 4500
=003  TestILS
=004  991047688489703841
=007  ta
=001  221058862500003841
=008  1803070u\\\\0\\\0000ba\\\0\\\\\\
=005  20210520081217.40
=035  \\$a(OCoLC)7541670
=245  00$aFluid power incorporating Compressed air and hydraulics.
=583  \\$acommitted to retain$c20180406$dDecember 31, 2035$fTESTPROGRAM$fTESTPROGRAM Silver$uhttp://localhost/services/testprogram/docs/TESTPROGRAMProgramStatement.pdf
=583  \\$acompleteness reviewed$c20180406$fTESTPROGRAM$fTESTPROGRAM Silver$ivolume level
=561  \\$aTESTINST1
=852  0\$aTESTINST1$bHDC$ctestprogram-trust$hTJ981 .C685
=866  30$80$a24, no.277(1959)-26(1961)

