=LDR  00794    a2200217 n 4500
=001  22874057730003841
=003  TestILS
=004  991030169359703841
=005  20210520081217.46
=007  ta
=008  1505290u\\\\0\\\0001ba\\\0\\\\\\\\\\\\\\
=014  1\$a7508671$bOCoLC
=022  0\$a0081-2951$l0081-2951
=035  \\$a(OCoLC)7508671
=035  \\$a(TestILS)c13607820-01asu_inst
=245  10$aSECOLAS annals :$bjournal of the Southeastern Council on Latin American Studies.
=561  \\$aTESTINST1
=583  \\$acommitted to retain$c20150529$dDecember 31, 2035$fTESTPROGRAM$fTESTPROGRAM Gold$uhttp://localhost/services/testprogram/docs/TESTPROGRAMProgramStatement.pdf
=583  \\$acompleteness reviewed$c20150529$fTESTPROGRAM$fTESTPROGRAM Gold$iissue-level$lmissing volumes$zmissing vols. 28-37
=583  \\$acondition reviewed$c20150529$fTESTPROGRAM$fTESTPROGRAM Gold$iissue-level
=852  0\$aTESTINST1$bHDC$ctestprogram-trust$hF1408$i.S4x
=866  30$80$a12(1981)-27(1996)

