=LDR  00746nx  a22002051n 4500
=003  TestILS
=004  991011779839703841
=007  ta
=001  221144409790003841
=008  2003105u\\\\0\\\0000ba\\\0\\\\\\
=005  20210520081217.57
=022  \\$a0363-6690
=035  \\$a(OCoLC)1781590
=245  00$aWestern wildlands.
=583  \\$acommitted to retain$c20200310$dDecember 31, 2035$fTESTPROGRAM$fTESTPROGRAM Gold$uhttp://localhost/services/testprogram/docs/TESTPROGRAMProgramStatement.pdf
=583  \\$acompleteness reviewed$c20200310$fTESTPROGRAM$fTESTPROGRAM Gold$iissue level$lmissing issues$zmissing v.18:1,4(1992)
=583  \\$acondition reviewed$c20200310$fTESTPROGRAM$fTESTPROGRAM Gold$iissue level
=561  \\$aTESTINST1
=852  0\$aTESTINST1$bHDC$ctestprogram-trust$hS900$i.W47x
=866  30$80$a1(1974)-18, no.3(1993)
=868  30$90$80$a1(1974)-6(1980)

