=LDR  00699nx  a22001931n 4500
=003  TestILS
=004  991044338359703841
=007  ta
=001  221129978290003841
=008  1910315u\\\\0\\\0000ba\\\0\\\\\\
=005  20210520081217.51
=022  \\$a1061-9380
=035  \\$a(OCoLC)25489421
=245  00$aStudies in Muslim-Jewish relations.
=583  \\$acommitted to retain$c20191031$dDecember 31, 2035$fTESTPROGRAM$fTESTPROGRAM Gold$uhttp://localhost/services/testprogram/docs/TESTPROGRAMProgramStatement.pdf
=583  \\$acompleteness reviewed$c20191031$fTESTPROGRAM$fTESTPROGRAM Gold$iissue level$lmissing issues$zmissing v.4(1998)
=583  \\$acondition reviewed$c20191031$fTESTPROGRAM$fTESTPROGRAM Gold$iissue level
=561  \\$aTESTINST1
=852  0\$aTESTINST1$bHDC$ctestprogram-trust$hBP173.J8$iS79
=866  30$80$a1(1993)-3(1997)

