=LDR  00596ny  a22001933n 4500
=001  22910783630003841
=003  TestILS
=004  991025076329703841
=005  20210520081217.43
=007  ta
=008  1205030u\\\\0\\\0001ba\\\0\\\\\\\\\\\\\\
=014  1\$a6172557$bOCoLC
=022  \\$a0170-8406
=035  \\$a(OCoLC)6172557
=035  \\$a(TestILS)c12690557-01asu_inst
=245  00$aOrganization studies.
=561  \\$aTESTINST1
=583  \\$acommitted to retain$c20120503$dDecember 31, 2035$fTESTPROGRAM$fTESTPROGRAM Bronze$uhttp://localhost/services/testprogram/docs/TESTPROGRAMProgramStatement.pdf
=852  0\$aTESTINST1$bHDC$ctestprogram-trust$hHM131$i.O6728x
=866  30$80$a1(1980)-26(2005)

