=LDR  00796    a2200229 n 4500
=001  22830859060003841
=003  TestILS
=004  991044828939703841
=005  20210520081217.52
=007  ta
=008  1704040u\\\\0\\\0001ba\\\0\\\\\\\\\\\\\\
=014  1\$a38596602$bOCoLC
=022  \\$a1027-5622
=035  \\$a(OCoLC)38596602
=035  \\$a(TestILS)c14100538-01asu_inst
=245  00$aIARC handbooks of cancer prevention /$cInternational Agency for Research on Cancer, World Health Organization.
=561  \\$aTESTINST1
=561  \\$aCDS
=583  \\$acommitted to retain$c20170404$dDecember 31, 2035$fTESTPROGRAM$fTESTPROGRAM Gold$uhttp://localhost/services/testprogram/docs/TESTPROGRAMProgramStatement.pdf
=583  \\$acompleteness reviewed$c20170404$fTESTPROGRAM$fTESTPROGRAM Gold$iissue-level$lMissing Volumes$zMissing 8-10
=583  \\$acondition reviewed$c20170404$fTESTPROGRAM$fTESTPROGRAM Gold$iissue-level
=852  0\$aTESTINST1$bHDC$ctestprogram-trust$hRC268$i.I27
=866  30$80$a1(1997)-7(2002)

