=LDR  00782ny  a22002293n 4500
=001  22815871300003841
=003  TestILS
=004  991011523059703841
=005  20210520081217.46
=007  ta
=008  1206200u\\\\0\\\0001ba\\\0\\\\\\\\\\\\\\
=014  1\$a1554659$bOCoLC
=022  \\$a0009-6407
=035  \\$a(OCoLC)1554659
=035  \\$a(TestILS)c12806122-01asu_inst
=245  00$aChurch history.
=561  \\$aTESTINST1
=561  \\$aCDS
=561  \\$aCRU
=583  \\$acommitted to retain$c20120620$dDecember 31, 2035$fTESTPROGRAM$fTESTPROGRAM Silver$uhttp://localhost/services/testprogram/docs/TESTPROGRAMProgramStatement.pdf
=583  \\$acompleteness reviewed$c20120620$fTESTPROGRAM$fTESTPROGRAM Silver$ivolume-level$lbinding patterns vary$zfor vol. 64, 66-74, issues bound separately
=852  0\$aTESTINST1$bHDC$ctestprogram-trust$hBR140$i.C45
=866  30$80$a1(1966)-74(2005)

