=LDR  00717nx  a22001931n 4500
=003  TestILS
=004  991025107699703841
=007  ta
=001  221169238890003841
=008  2104270u\\\\0\\\0000ba\\\0\\\\\\
=005  20210520081217.41
=022  \\$a0271-5406
=035  \\$a(OCoLC)6515208
=245  00$aIFOC, International fiber optics and communications.$pHandbook and buyers' guide.
=583  \\$acommitted to retain$c20210427$d20351231$fTESTPROGRAM$fTESTPROGRAM Gold$uhttp://localhost/services/testprogram/docs/TESTPROGRAMProgramStatement.pdf
=583  \\$acompleteness reviewed$c20210427$fTESTPROGRAM$fTESTPROGRAM Gold$iissue level$lmissing issues$zmissing (1979/80)-(1980/81), (1982/83) and after
=583  \\$acondition reviewed$c20210427$fTESTPROGRAM$fTESTPROGRAM Gold$iissue level
=561  \\$aTESTINST1
=852  0\$aTESTINST1$bHDC$ctestprogram-trust$hTA1800$i.I57x
=866  30$80$a4(1981/1982)

