=LDR  00703ny  a22002053n 4500
=001  22835000720003841
=003  TestILS
=004  991027181549703841
=005  20210520081217.80
=007  ta
=008  1510160u\\\\0\\\0001ba\\\0\\\\\\\\\\\\\\
=014  1\$a2448698$bOCoLC
=022  0\$a1539-3666$l1539-3666
=035  \\$a(OCoLC)2448698
=035  \\$a(TestILS)c13666083-01asu_inst
=245  10$aProceedings.
=561  \\$aTESTINST1
=583  \\$acommitted to retain$c20151016$dDecember 31, 2035$fTESTPROGRAM$fTESTPROGRAM Silver$uhttp://localhost/services/testprogram/docs/TESTPROGRAMProgramStatement.pdf
=583  \\$acompleteness reviewed$c20151016$fTESTPROGRAM$fTESTPROGRAM Silver$ivolume-level$lmissing volumes$zmissing v.1
=852  0\$aTESTINST1$bHDC$ctestprogram-trust$hPB6$i.M6
=866  30$80$a2(1885)

