=LDR  00667nx  a22001931n 4500
=003  TestILS
=004  991027118809703841
=007  ta
=001  221134608760003841
=008  1912315u\\\\0\\\0000ba\\\0\\\\\\
=005  20210520081217.68
=022  \\$a0275-6870
=035  \\$a(OCoLC)7071162
=245  10$aTypography :$bthe annual of the Type Directors Club.
=583  \\$acommitted to retain$c20191231$dDecember 31, 2035$fTESTPROGRAM$fTESTPROGRAM Gold$uhttp://localhost/services/testprogram/docs/TESTPROGRAMProgramStatement.pdf
=583  \\$acompleteness reviewed$c20191231$fTESTPROGRAM$fTESTPROGRAM Gold$iissue level
=583  \\$acondition reviewed$c20191231$fTESTPROGRAM$fTESTPROGRAM Gold$iissue level
=561  \\$aTESTINST1
=852  0\$aTESTINST1$bHDC$ctestprogram-trust$hZ243.A2$iT9a
=866  30$80$ano. 2(1981)-29(2008)

