=LDR  00731    a2200217 n 4500
=001  22867570440003841
=003  TestILS
=004  991018823469703841
=005  20210520081217.64
=007  ta
=008  1306110u\\\\0\\\0001ba\\\0\\\\\\\\\\\\\\
=014  1\$a3547495$bOCoLC
=022  0\$a0149-791X
=035  \\$a(OCoLC)3547495
=035  \\$a(TestILS)c13184386-01asu_inst
=245  00$aNew Mexico studies in the fine arts.
=561  \\$aTESTINST1
=583  \\$acommitted to retain$c20130611$dDecember 31, 2035$fTESTPROGRAM$fTESTPROGRAM Gold$uhttp://localhost/services/testprogram/docs/TESTPROGRAMProgramStatement.pdf
=583  \\$acompleteness reviewed$c20130611$fTESTPROGRAM$fTESTPROGRAM Gold$iissue-level
=583  \\$acondition reviewed$c20130611$fTESTPROGRAM$fTESTPROGRAM Gold$iissue-level
=852  0\$aTESTINST1$bHDC$ctestprogram-trust
=866  30$80$a1(1976)-11(1987)

