=LDR  00653ny  a22001933n 4500
=001  22890094690003841
=003  TestILS
=004  991034481379703841
=005  20210520081218.01
=007  ta
=008  1605200u\\\\0\\\0001ba\\\0\\\\\\\\\\\\\\
=014  1\$a4848771$bOCoLC
=035  \\$a(OCoLC)4848771
=035  \\$a(TestILS)c13832013-01asu_inst
=245  00$aTechnical communications.
=561  \\$aCPS
=583  \\$acommitted to retain$c20160520$dDecember 31, 2035$fTESTPROGRAM$fTESTPROGRAM Silver$uhttp://localhost/services/testprogram/docs/TESTPROGRAMProgramStatement.pdf
=583  \\$acompleteness reviewed$c20160520$fTESTPROGRAM$fTESTPROGRAM Silver$ivolume-level
=852  0\$aTESTINST1$bHDC$ctestprogram-trust$hT11$i.S2
=866  30$80$a14(1967)-18 no.1-2(1971)

