=LDR  00630nx  a22001691n 4500
=003  TestILS
=004  991027158879703841
=007  ta
=001  221111806870003841
=008  1908020u\\\\0\\\0000ba\\\0\\\\\\
=005  20210520081217.69
=035  \\$a(OCoLC)7516558
=245  00$aQuarterly review of doublespeak /$cCommittee on Public Doublespeak.
=583  \\$acommitted to retain$c20190802$dDecember 31, 2035$fTESTPROGRAM$fTESTPROGRAM Silver$uhttp://localhost/services/testprogram/docs/TESTPROGRAMProgramStatement.pdf
=583  \\$acompleteness reviewed$c20190802$fTESTPROGRAM$fTESTPROGRAM Silver$ivolume level$lmissing volumes$zmissing v.24:4(1995), 25(1999)-26:3 (2000)
=561  \\$aTESTINST1
=852  0\$aTESTINST1$bHDC$ctestprogram-trust$hPE1460.A2$iP8x
=866  30$80$a7(1980)-24(1998)

