=LDR  00649nx  a22001811n 4500
=003  TestILS
=004  991022879359703841
=007  ta
=001  221106340060003841
=008  1905150u\\\\0\\\0000ba\\\0\\\\\\
=005  20210520081218.14
=022  \\$a0033-3700
=035  \\$a(OCoLC)5534599
=245  00$aPublic relations quarterly.
=583  \\$acommitted to retain$c20190515$dDecember 31, 2035$fTESTPROGRAM$fTESTPROGRAM Silver$uhttp://localhost/services/testprogram/docs/TESTPROGRAMProgramStatement.pdf
=583  \\$acompleteness reviewed$c20190515$fTESTPROGRAM$fTESTPROGRAM Silver$ivolume level$lmissing volumes$zmissing v.13:1-2(1968), v.39:3(1994)
=561  \\$aTESTINST1
=852  0\$aTESTINST1$bHDC$ctestprogram-trust$hHM263$i.P766
=866  30$80$a12(1967)-52(2007)

