=LDR  00706nx  a22001931n 4500
=003  TestILS
=004  991016548899703841
=007  ta
=001  221115172910003841
=008  1908165u\\\\0\\\0000ba\\\0\\\\\\
=005  20210520081218.18
=022  \\$a0148-7639
=035  \\$a(OCoLC)3366503
=245  10$aADFL bulletin.
=583  \\$acommitted to retain$c20190823$dDecember 31, 2035$fTESTPROGRAM$fTESTPROGRAM Gold$uhttp://localhost/services/testprogram/docs/TESTPROGRAMProgramStatement.pdf
=583  \\$acompleteness reviewed$c20190823$fTESTPROGRAM$fTESTPROGRAM Gold$iissue level$lmissing issues$zmissing v.36:3 (2005?)
=583  \\$acondition reviewed$c20190823$fTESTPROGRAM$fTESTPROGRAM Gold$iissue level
=561  \\$aTESTINST1
=852  0\$aTESTINST1$bHDC$ctestprogram-trust$hP51$i.A12x
=866  30$80$a7(1975/1976)-40(2009)

