=LDR  00646nx  a22001811n 4500
=003  TestILS
=004  991044268329703841
=007  ta
=001  221130088950003841
=008  1910315u\\\\0\\\0000ba\\\0\\\\\\
=005  20210520081217.51
=035  \\$a(OCoLC)42061408
=245  10$aState and local government.
=583  \\$acommitted to retain$c20191031$dDecember 31, 2035$fTESTPROGRAM$fTESTPROGRAM Gold$uhttp://localhost/services/testprogram/docs/TESTPROGRAMProgramStatement.pdf
=583  \\$acompleteness reviewed$c20191031$fTESTPROGRAM$fTESTPROGRAM Gold$iissue level
=583  \\$acondition reviewed$c20191031$fTESTPROGRAM$fTESTPROGRAM Gold$iissue level
=561  \\$aTESTINST1
=852  0\$aTESTINST1$bHDC$ctestprogram-trust$hJK2403$i.S715
=866  30$80$a(1999/2000)-(2012/2013)

