=LDR  00635nx  a22001811n 4500
=003  TestILS
=004  991035498759703841
=007  ta
=001  221067288730003841
=008  1805140u\\\\0\\\0000ba\\\0\\\\\\
=005  20210520081218.02
=022  \\$a0884-5352
=035  \\$a(OCoLC)12406394
=245  00$aJournal of career planning & employment.
=583  \\$acommitted to retain$c20180514$dDecember 31, 2035$fTESTPROGRAM$fTESTPROGRAM Silver$uhttp://localhost/services/testprogram/docs/TESTPROGRAMProgramStatement.pdf
=583  \\$acompleteness reviewed$c20180514$fTESTPROGRAM$fTESTPROGRAM Silver$ivolume level$lmissing volumes$zmissing v.58:4 1998
=561  \\$aTESTINST1
=852  0\$aTESTINST1$bHDC$ctestprogram-trust$hLB2343.5$i.A15
=866  30$80$a46(1985)-62(2002)

