=LDR  00570nx  a22001691n 4500
=003  TestILS
=004  991028900229703841
=007  ta
=001  221049882330003841
=008  1802020u\\\\0\\\0000ba\\\0\\\\\\
=005  20210520081218.19
=035  \\$a(OCoLC)8246621
=245  00$aBulletin of the American Choral Foundation.
=583  \\$acommitted to retain$c20180202$dDecember 31, 2035$fTESTPROGRAM$fTESTPROGRAM Silver$uhttp://localhost/services/testprogram/docs/TESTPROGRAMProgramStatement.pdf
=583  \\$acompleteness reviewed$c20180202$fTESTPROGRAM$fTESTPROGRAM Silver$ivolume level
=561  \\$aTESTINST1
=852  0\$aTESTINST1$bHDC$ctestprogram-trust$hML 1 .A36x
=866  30$80$a1, no.3(1958)-3(1961)

