=LDR  00821nx  a22002051n 4500
=003  TestILS
=004  991011826789703841
=007  ta
=001  221128992570003841
=008  1908165u\\\\0\\\0000ba\\\0\\\\\\
=005  20210520081217.75
=022  \\$a0092-3168
=035  \\$a(OCoLC)1795366
=245  00$aGuide to U.S. Government publications.
=583  \\$acommitted to retain$c20190923$dDecember 31, 2035$fTESTPROGRAM$fTESTPROGRAM Gold$uhttp://localhost/services/testprogram/docs/TESTPROGRAMProgramStatement.pdf
=583  \\$acompleteness reviewed$c20190923$fTESTPROGRAM$fTESTPROGRAM Gold$iissue level$lmissing issues$z1973:1-3, 1979 Supp, 2006, 2009, 2011, 2014, 2015:2
=583  \\$acondition reviewed$c20190923$fTESTPROGRAM$fTESTPROGRAM Gold$iissue level
=561  \\$aTESTINST1
=852  0\$aTESTINST1$bHDC$ctestprogram-trust$hZ1223.Z7$iA572
=866  30$80$a(1976)-(1980), (1982)-(2005), (2007)-(2008), (2010), (2012)-(2013), (2015)
=868  30$80$a(1973/74)

