=LDR  00690ny  a22002053n 4500
=001  22850050210003841
=003  TestILS
=004  991011826079703841
=005  20210520081217.75
=007  ta
=008  1312160u\\\\0\\\0001ba\\\0\\\\\\\\\\\\\\
=014  1\$a1795087$bOCoLC
=022  0\$a0094-7571$l0094-7571
=035  \\$a(OCoLC)1795087
=035  \\$a(TestILS)c13287333-01asu_inst
=245  00$aCrime and social justice.
=561  \\$aTESTINST1
=583  \\$acommitted to retain$c20131216$dDecember 31, 2035$fTESTPROGRAM$fTESTPROGRAM Silver$uhttp://localhost/services/testprogram/docs/TESTPROGRAMProgramStatement.pdf
=583  \\$acompleteness reviewed$c20131216$fTESTPROGRAM$fTESTPROGRAM Silver$ivolume-level
=852  0\$aTESTINST1$bHDC$ctestprogram-trust$hHV6001$i.C673
=866  30$80$ano.1(1974)-30(1987)

