=LDR  00697nx  a22002051n 4500
=003  TestILS
=004  991011668369703841
=007  ta
=001  221158955010003841
=008  2103045u\\\\0\\\0000ba\\\0\\\\\\
=005  20210520081218.11
=022  \\$a0072-9833
=035  \\$a(OCoLC)1751732
=245  00$aHandbook of Latin American studies.
=583  \\$acommitted to retain$c20210304$d20351231$fTESTPROGRAM$fTESTPROGRAM Gold$uhttp://localhost/services/testprogram/docs/TESTPROGRAMProgramStatement.pdf
=583  \\$acompleteness reviewed$c20210304$fTESTPROGRAM$fTESTPROGRAM Gold$iissue level
=583  \\$acondition reviewed$c20210304$fTESTPROGRAM$fTESTPROGRAM Gold$iissue level
=561  \\$aTESTINST1
=852  0\$aTESTINST1$bHDC$ctestprogram-trust$hZ1605$i.H23
=866  30$80$ano. 1(1935)-70(2015)
=868  30$80$ano. 1(1936)-28(1966)

