=LDR  00661ny  a22002053n 4500
=001  22881317170003841
=003  TestILS
=004  991011582929703841
=005  20210520081217.79
=007  ta
=008  1206070u\\\\0\\\0001ba\\\0\\\\\\\\\\\\\\
=014  1\$a1591067$bOCoLC
=022  0\$a0003-0481
=035  \\$a(OCoLC)1591067
=035  \\$a(TestILS)c12791659-01asu_inst
=245  00$aAmerican philosophical quarterly.
=561  \\$aTESTINST1
=583  \\$acommitted to retain$c20120607$dDecember 31, 2035$fTESTPROGRAM$fTESTPROGRAM Silver$uhttp://localhost/services/testprogram/docs/TESTPROGRAMProgramStatement.pdf
=583  \\$acompleteness reviewed$c20120607$fTESTPROGRAM$fTESTPROGRAM Silver$ivolume-level
=852  0\$aTESTINST1$bHDC$ctestprogram-trust
=866  30$80$a1(1964)-42(2005)

