=LDR  00682ny  a22002053n 4500
=001  22823313830003841
=003  TestILS
=004  991042422499703841
=005  20210520081217.51
=007  ta
=008  1310170u\\\\0\\\0001ba\\\0\\\\\\\\\\\\\\
=014  1\$a21073923$bOCoLC
=022  \\$a1938-9779
=035  \\$a(OCoLC)21073923
=035  \\$a(TestILS)c13279932-01asu_inst
=245  14$aThe executive :$ban Academy of Management publication.
=561  \\$aTESTINST1
=583  \\$acommitted to retain$c20131017$dDecember 31, 2035$fTESTPROGRAM$fTESTPROGRAM Silver$uhttp://localhost/services/testprogram/docs/TESTPROGRAMProgramStatement.pdf
=583  \\$acompleteness reviewed$c20131017$fTESTPROGRAM$fTESTPROGRAM Silver$ivolume-level
=852  0\$aTESTINST1$bHDC$ctestprogram-trust$hHD28$i.A23x
=866  30$80$a4(1990)-7, no.1(1993)

