=LDR  00651nx  a22001931n 4500
=003  TestILS
=004  991011675949703841
=007  ta
=001  221059128040003841
=008  1803070u\\\\0\\\0000ba\\\0\\\\\\
=005  20210520081218.12
=022  \\$a0019-8722
=035  \\$a(OCoLC)1753104
=245  00$aIndustrial research.
=583  \\$acommitted to retain$c20180406$dDecember 31, 2035$fTESTPROGRAM$fTESTPROGRAM Silver$uhttp://localhost/services/testprogram/docs/TESTPROGRAMProgramStatement.pdf
=583  \\$acompleteness reviewed$c20180406$fTESTPROGRAM$fTESTPROGRAM Silver$ivolume level$lmissing volumes$zmissing v.16:4,13
=561  \\$aTESTINST1
=561  \\$aUUS
=852  0\$aTESTINST1$bHDC$ctestprogram-trust$hT175 .I49
=866  30$80$a1(1959)-20 no.2(1978)

