=LDR  00702ny  a22002173n 4500
=001  22884743500003841
=003  TestILS
=004  991011594409703841
=005  20210520081217.80
=007  ta
=008  1205220u\\\\0\\\0001ba\\\0\\\\\\\\\\\\\\
=014  1\$a1606534$bOCoLC
=022  0\$a0023-9186$l0023-9186
=035  \\$a(OCoLC)1606534
=035  \\$a(TestILS)c12790485-01asu_inst
=245  00$aLaw and contemporary problems.
=561  \\$aTESTINST1
=561  \\$aAZC
=583  \\$acommitted to retain$c20120522$dDecember 31, 2035$fTESTPROGRAM$fTESTPROGRAM Silver$uhttp://localhost/services/testprogram/docs/TESTPROGRAMProgramStatement.pdf
=583  \\$acompleteness reviewed$c20120522$fTESTPROGRAM$fTESTPROGRAM Silver$ivolume-level
=852  0\$aTESTINST1$bHDC$ctestprogram-trust$hK12$i.A9
=866  30$80$a1(1933)-68(2005)

