=LDR  00719nx  a22001931n 4500
=003  TestILS
=004  991034840509703841
=007  ta
=001  221147889570003841
=008  2006305u\\\\0\\\0000ba\\\0\\\\\\
=005  20210520081218.01
=022  \\$a0084-0610
=035  \\$a(OCoLC)1748607
=245  00$aWisconsin project reports.
=583  \\$acommitted to retain$c20200630$dDecember 31, 2035$fTESTPROGRAM$fTESTPROGRAM Gold$uhttp://localhost/services/testprogram/docs/TESTPROGRAMProgramStatement.pdf
=583  \\$acompleteness reviewed$c20200630$fTESTPROGRAM$fTESTPROGRAM Gold$iissue level$lmissing issues$zmissing v.1(1963/64)-5(1970/73)
=583  \\$acondition reviewed$c20200630$fTESTPROGRAM$fTESTPROGRAM Gold$iissue level
=561  \\$aTESTINST1
=852  0\$aTESTINST1$bHDC$ctestprogram-trust$hHF5001$i.W5x
=866  30$80$a(1966), 4(1969), (1970)

