=LDR  00521ny  a22001693n 4500
=003  TestILS
=004  991011703619703841
=005  20210520081217.87
=001  221098636720003841
=007  ta
=008  1901110u\\\\0\\\0001aa\\\0\\\\\\\\\\\\\8
=022  \\$a0028-0283
=035  \\$a(OCoLC)1759436
=245  00$aNational tax journal.
=561  \\$aTESTINST1
=583  \\$acommitted to retain$c20190116$dDecember 31, 2035$fTESTPROGRAM$fTESTPROGRAM Bronze$uhttp://localhost/services/testprogram/docs/TESTPROGRAMProgramStatement.pdf
=852  0\$aTESTINST1$bHDC$ctestprogram-trust$hHJ2240$i.N32x
=866  30$80$a1(1948)-68(2015)

