=LDR  00668nx  a22001691n 4500
=003  TestILS
=004  991011691349703841
=007  ta
=001  221111826340003841
=008  1906120u\\\\0\\\0000ba\\\0\\\\\\
=005  20210520081218.13
=035  \\$a(OCoLC)1755893
=245  10$aLife.
=583  \\$acommitted to retain$c20190612$dDecember 31, 2035$fTESTPROGRAM$fTESTPROGRAM Silver$uhttp://localhost/services/testprogram/docs/TESTPROGRAMProgramStatement.pdf
=583  \\$acompleteness reviewed$c20190612$fTESTPROGRAM$fTESTPROGRAM Silver$ivolume level$lmissing volumes$zmissing v.1(1883), 6(1885)-7(1886),v.10(1887?)-v.103, no. 2620(1936)
=561  \\$aTESTINST1
=852  0\$aTESTINST1$bHDC$ctestprogram-trust$hAP101$i.L6
=866  30$80$a2(1883)-5(1885), 8(1886)-9(1887)

