=LDR  00711nx  a22001931n 4500
=003  TestILS
=004  991011622659703841
=007  ta
=001  221159188020003841
=008  2102175u\\\\0\\\0000ba\\\0\\\\\\
=005  20210520081217.91
=022  \\$a0074-0713
=035  \\$a(OCoLC)1642928
=245  00$aInsurance facts.
=583  \\$acommitted to retain$c20210217$d20351231$fTESTPROGRAM$fTESTPROGRAM Gold$uhttp://localhost/services/testprogram/docs/TESTPROGRAMProgramStatement.pdf
=583  \\$acompleteness reviewed$c20210217$fTESTPROGRAM$fTESTPROGRAM Gold$iissue level$lmissing issues$zmissing (1963)-(1976), (1978)
=583  \\$acondition reviewed$c20210217$fTESTPROGRAM$fTESTPROGRAM Gold$iissue level
=561  \\$aTESTINST1
=852  0\$aTESTINST1$bHDC$ctestprogram-trust$hHG8523$i.I52
=866  30$80$a(1977), (1979)-(1988/1989)

