=LDR  00673nx  a22001931n 4500
=003  TestILS
=004  991011814739703841
=007  ta
=001  221049410510003841
=008  1801030u\\\\0\\\0000ba\\\0\\\\\\
=005  20210520081217.74
=022  \\$a0025-5378
=035  \\$a(OCoLC)1791224
=245  00$aMaterials protection and performance.
=583  \\$acommitted to retain$c20180103$dDecember 31, 2035$fTESTPROGRAM$fTESTPROGRAM Silver$uhttp://localhost/services/testprogram/docs/TESTPROGRAMProgramStatement.pdf
=583  \\$acompleteness reviewed$c20180103$fTESTPROGRAM$fTESTPROGRAM Silver$ivolume level$lmissing volumes$zmissing v.10:2; v.11
=561  \\$aTESTINST1
=852  0\$aTESTINST1$bHDC$ctestprogram-trust$hTA462 .M37
=866  30$80$a9, no.7(1970)-10(1971), 12(1973)
=866  30$80$a9(1970)

