=LDR  00796    a2200217 n 4500
=001  22867883520003841
=003  TestILS
=004  991011882419703841
=005  20210520081217.66
=007  ta
=008  1605090u\\\\0\\\0001ba\\\0\\\\\\\\\\\\\\
=014  1\$a2180010$bOCoLC
=022  \\$a0049-1675
=035  \\$a(OCoLC)2180010
=035  \\$a(TestILS)c13794358-01asu_inst
=245  00$aSouthwestern American literature.
=561  \\$aTESTINST1
=583  \\$acommitted to retain$c20160509$dDecember 31, 2035$fTESTPROGRAM$fTESTPROGRAM Gold$uhttp://localhost/services/testprogram/docs/TESTPROGRAMProgramStatement.pdf
=583  \\$acompleteness reviewed$c20160509$fTESTPROGRAM$fTESTPROGRAM Gold$iissue-level$lmissing volumes$zmissing v.1-2
=583  \\$acondition reviewed$c20160509$fTESTPROGRAM$fTESTPROGRAM Gold$iissue-level$lmarginalia$zv.6 marginalia
=852  0\$aTESTINST1$bHDC$ctestprogram-trust
=866  30$80$a3(1973)-31(2005/2006)

