=LDR  00636nx  a22001811n 4500
=003  TestILS
=004  991011830299703841
=007  ta
=001  221157079420003841
=008  2011200u\\\\0\\\0000ba\\\0\\\\\\
=005  20210520081217.75
=022  \\$a0002-8258
=035  \\$a(OCoLC)1796652
=245  00$aAmerican dry cleaner.
=583  \\$acommitted to retain$c20201120$dDecember 31, 2035$fTESTPROGRAM$fTESTPROGRAM Silver$uhttp://localhost/services/testprogram/docs/TESTPROGRAMProgramStatement.pdf
=583  \\$acompleteness reviewed$c20201120$fTESTPROGRAM$fTESTPROGRAM Silver$ivolume level$lmissing volumes$zmissing (1934)-(1968)
=561  \\$aTESTINST1
=852  0\$aTESTINST1$bHDC$ctestprogram-trust$hTP932.A1$iA45x
=866  30$80$a36(1969)-41(1975)

