=LDR  00683ny  a22002053n 4500
=001  22838011110003841
=003  TestILS
=004  991030585429703841
=005  20210520081217.57
=007  ta
=008  1305030u\\\\0\\\0001ba\\\0\\\\\\\\\\\\\\
=014  1\$a9387543$bOCoLC
=022  \\$a0165-0106
=035  \\$a(OCoLC)9387543
=035  \\$a(TestILS)c13150418-01asu_inst
=245  04$aThe Journal of unified science (Erkenntnis).
=561  \\$aTESTINST1
=583  \\$acommitted to retain$c20130503$dDecember 31, 2035$fTESTPROGRAM$fTESTPROGRAM Silver$uhttp://localhost/services/testprogram/docs/TESTPROGRAMProgramStatement.pdf
=583  \\$acompleteness reviewed$c20130503$fTESTPROGRAM$fTESTPROGRAM Silver$ivolume-level$lReprints$zvol. 8 Reprint
=852  0\$aTESTINST1$bHDC$ctestprogram-trust
=866  30$80$a8(1939/1940)

