=LDR  00708ny  a22002293n 4500
=001  22925277110003841
=003  TestILS
=004  991014186829703841
=005  20210520081217.93
=007  ta
=008  1505270u\\\\0\\\0001ba\\\0\\\\\\\\\\\\\\
=014  1\$a2468569$bOCoLC
=022  \\$a0317-0802
=022  \\$a1913-4835
=035  \\$a(OCoLC)2468569
=035  \\$a(TestILS)c13605574-01asu_inst
=245  00$aEnglish studies in Canada.
=561  \\$aTESTINST1
=561  \\$aIYU
=583  \\$acommitted to retain$c20150527$dDecember 31, 2035$fTESTPROGRAM$fTESTPROGRAM Silver$uhttp://localhost/services/testprogram/docs/TESTPROGRAMProgramStatement.pdf
=583  \\$acompleteness reviewed$c20150527$fTESTPROGRAM$fTESTPROGRAM Silver$ivolume-level
=852  0\$aTESTINST1$bHDC$ctestprogram-trust
=866  30$80$a1(1975)-31(2005)

