=LDR  00711nx  a22001931n 4500
=003  TestILS
=004  991044747639703841
=007  ta
=001  221148389740003841
=008  2006305u\\\\0\\\0000ba\\\0\\\\\\
=005  20210520081217.52
=022  \\$a1931-4809
=035  \\$a(OCoLC)43208039
=245  00$aRankings & estimates :$brankings of the states ... and estimates of school statistics ... /$cNEA Research.
=583  \\$acommitted to retain$c20200630$dDecember 31, 2035$fTESTPROGRAM$fTESTPROGRAM Gold$uhttp://localhost/services/testprogram/docs/TESTPROGRAMProgramStatement.pdf
=583  \\$acompleteness reviewed$c20200630$fTESTPROGRAM$fTESTPROGRAM Gold$iissue level$lmissing issues$zmissing (2004/05)-(2010/11)
=583  \\$acondition reviewed$c20200630$fTESTPROGRAM$fTESTPROGRAM Gold$iissue level
=561  \\$aTESTINST1
=852  0\$aTESTINST1$bHDC$ctestprogram-trust$hLA217.2$i.R26x
=866  30$80$a(1999)-(2003/04)

