=LDR  00602    a2200193 n 4500
=001  22828792720003841
=003  TestILS
=004  991008744649703841
=005  20210520081217.53
=007  ta
=008  1505290u\\\\0\\\0001ba\\\0\\\\\\\\\\\\\\
=014  1\$a1086703$bOCoLC
=022  \\$a0184-7678
=035  \\$a(OCoLC)1086703
=035  \\$a(TestILS)c13606888-01asu_inst
=245  00$aCahiers élisabéthains.
=561  \\$aTESTINST1
=583  \\$acommitted to retain$c20130614$dDecember 31, 2035$fTESTPROGRAM$fTESTPROGRAM Bronze$uhttp://localhost/services/testprogram/docs/TESTPROGRAMProgramStatement.pdf
=852  0\$aTESTINST1$bHDC$ctestprogram-trust
=866  30$80$ano.4(1973)-57(2000), 61(2002)-68(2005)

