=LDR  00655nx  a22001931n 4500
=003  TestILS
=004  991025089119703841
=007  ta
=001  221153824310003841
=008  2104115u\\\\0\\\0000ba\\\0\\\\\\
=005  20210520081217.44
=022  \\$a0166-6282
=035  \\$a(OCoLC)6323048
=245  00$aPolice science abstracts.
=583  \\$acommitted to retain$c20210411$d20351231$fTESTPROGRAM$fTESTPROGRAM Gold$uhttp://localhost/services/testprogram/docs/TESTPROGRAMProgramStatement.pdf
=583  \\$acompleteness reviewed$c20210411$fTESTPROGRAM$fTESTPROGRAM Gold$iissue level
=583  \\$acondition reviewed$c20210411$fTESTPROGRAM$fTESTPROGRAM Gold$iissue level
=561  \\$aTESTINST1
=852  0\$aTESTINST1$bHDC$ctestprogram-trust$hHV7551$i.A23x
=866  30$80$a8(1980)-19(1991)

