=LDR  00711nx  a22001931n 4500
=003  TestILS
=004  991027156489703841
=007  ta
=001  221153822260003841
=008  2104015u\\\\0\\\0000ba\\\0\\\\\\
=005  20210520081217.69
=022  \\$a0277-4720
=035  \\$a(OCoLC)7481416
=245  14$aThe St. Johns review.
=583  \\$acommitted to retain$c20210401$d20351231$fTESTPROGRAM$fTESTPROGRAM Gold$uhttp://localhost/services/testprogram/docs/TESTPROGRAMProgramStatement.pdf
=583  \\$acompleteness reviewed$c20210401$fTESTPROGRAM$fTESTPROGRAM Gold$iissue level$lmissing issues$zmissing 49:2(2006), v.51(2008) and after
=583  \\$acondition reviewed$c20210401$fTESTPROGRAM$fTESTPROGRAM Gold$iissue level
=561  \\$aTESTINST1
=852  0\$aTESTINST1$bHDC$ctestprogram-trust$hAP2$i.C639
=866  30$80$a32(1981)-50(2007)

