=LDR  00732    a2200217 n 4500
=001  22854478050003841
=003  TestILS
=004  991011858699703841
=005  20210520081217.38
=007  ta
=008  1505290u\\\\0\\\0001ba\\\0\\\\\\\\\\\\\\
=014  1\$a2029408$bOCoLC
=022  0\$a0317-0454
=035  \\$a(OCoLC)2029408
=035  \\$a(TestILS)c13607431-01asu_inst
=245  14$aThe Humanities Association review.
=561  \\$aTESTINST1
=583  \\$acommitted to retain$c20150529$dDecember 31, 2035$fTESTPROGRAM$fTESTPROGRAM Gold$uhttp://localhost/services/testprogram/docs/TESTPROGRAMProgramStatement.pdf
=583  \\$acompleteness reviewed$c20150529$fTESTPROGRAM$fTESTPROGRAM Gold$iissue-level
=583  \\$acondition reviewed$c20150529$fTESTPROGRAM$fTESTPROGRAM Gold$iissue-level
=852  0\$aTESTINST1$bHDC$ctestprogram-trust
=866  30$80$a24(1973)-31(1980)

