=LDR  00772    a2200229 n 4500
=001  22907591910003841
=003  TestILS
=004  991019584309703841
=005  20210520081217.82
=007  ta
=008  1505220u\\\\0\\\0001ba\\\0\\\\\\\\\\\\\\
=014  1\$a30710167$bOCoLC
=022  0\$a1077-1360
=035  \\$a(OCoLC)30710167
=035  \\$a(TestILS)c13604752-01asu_inst
=245  00$aStatistical abstract of the world.
=561  \\$aTESTINST1
=561  \\$aORZ
=583  \\$acommitted to retain$c20150522$dDecember 31, 2035$fTESTPROGRAM$fTESTPROGRAM Gold$uhttp://localhost/services/testprogram/docs/TESTPROGRAMProgramStatement.pdf
=583  \\$acompleteness reviewed$c20150522$fTESTPROGRAM$fTESTPROGRAM Gold$iissue-level
=583  \\$acondition reviewed$c20150522$fTESTPROGRAM$fTESTPROGRAM Gold$iissue-level
=852  0\$aTESTINST1$bHDC$ctestprogram-trust$hHA154$i.S83x
=866  30$80$ano.[1](1994), 3(1997)

