=LDR  00745nx  a22001931n 4500
=003  TestILS
=004  991014162169703841
=007  ta
=001  221126309620003841
=008  1908165u\\\\0\\\0000ba\\\0\\\\\\
=005  20210520081217.92
=022  \\$a0160-8991
=035  \\$a(OCoLC)2349357
=245  00$aFodor's South-East Asia.
=583  \\$acommitted to retain$c20190823$dDecember 31, 2035$fTESTPROGRAM$fTESTPROGRAM Gold$uhttp://localhost/services/testprogram/docs/TESTPROGRAMProgramStatement.pdf
=583  \\$acompleteness reviewed$c20190823$fTESTPROGRAM$fTESTPROGRAM Gold$iissue level$lmissing issues$z1975-1977,1979-1983
=583  \\$acondition reviewed$c20190823$fTESTPROGRAM$fTESTPROGRAM Gold$iissue level
=561  \\$aTESTINST1
=852  0\$aTESTINST1$bHDC$ctestprogram-trust$hDS504$i.F62x
=866  30$80$a(1978), (1984)-(1991), (1993), (1995), (1997), (1999), (2001)

