=LDR  00692ny  a22002173n 4500
=001  22932389480003841
=003  TestILS
=004  991011763939703841
=005  20210520081217.56
=007  ta
=008  1401060u\\\\0\\\0001ba\\\0\\\\\\\\\\\\\\
=014  1\$a1774678$bOCoLC
=022  0\$a0009-7527
=035  \\$a(OCoLC)1774678
=035  \\$a(TestILS)c1330348x-01asu_inst
=245  00$aCithara.
=561  \\$aTESTINST1
=561  \\$aUUS
=583  \\$acommitted to retain$c20140106$dDecember 31, 2035$fTESTPROGRAM$fTESTPROGRAM Silver$uhttp://localhost/services/testprogram/docs/TESTPROGRAMProgramStatement.pdf
=583  \\$acompleteness reviewed$c20140106$fTESTPROGRAM$fTESTPROGRAM Silver$ivolume-level
=852  0\$aTESTINST1$bHDC$ctestprogram-trust$hAP2$i.C5x
=866  30$80$a1(1961)-47(2008)

