=LDR  00659nx  a22001811n 4500
=003  TestILS
=004  991014183799703841
=007  ta
=001  221067280910003841
=008  1805140u\\\\0\\\0000ba\\\0\\\\\\
=005  20210520081217.93
=022  \\$a0040-263X
=035  \\$a(OCoLC)6536000
=245  00$aTelephone engineer & management.
=583  \\$acommitted to retain$c20180514$dDecember 31, 2035$fTESTPROGRAM$fTESTPROGRAM Silver$uhttp://localhost/services/testprogram/docs/TESTPROGRAMProgramStatement.pdf
=583  \\$acompleteness reviewed$c20180514$fTESTPROGRAM$fTESTPROGRAM Silver$ivolume level$lmissing volumes$zmissing v.61-64; v.67-97
=561  \\$aTESTINST1
=852  0\$aTESTINST1$bHDC$ctestprogram-trust$hTK1 .T33
=866  30$80$a45, no.10(1941)-60(1956), 65(1961)-66(1962)

