=LDR  00765    a2200229 n 4500
=001  22895299400003841
=003  TestILS
=004  991022871069703841
=005  20210520081218.14
=007  ta
=008  1605090u\\\\0\\\0001ba\\\0\\\\\\\\\\\\\\
=014  1\$a5397590$bOCoLC
=022  0\$a0195-8550
=035  \\$a(OCoLC)5397590
=035  \\$a(TestILS)c13794127-01asu_inst
=245  00$aEconomic forum.
=561  \\$aTESTINST1
=583  \\$acommitted to retain$c20160509$dDecember 31, 2035$fTESTPROGRAM$fTESTPROGRAM Gold$uhttp://localhost/services/testprogram/docs/TESTPROGRAMProgramStatement.pdf
=583  \\$acompleteness reviewed$c20160509$fTESTPROGRAM$fTESTPROGRAM Gold$iissue-level
=583  \\$acondition reviewed$c20160509$fTESTPROGRAM$fTESTPROGRAM Gold$iissue-level
=852  0\$aTESTINST1$bHDC$ctestprogram-trust
=866  30$80$a10(1979)-16(1987)
=867  30$80$a13(1982/1983)

