=LDR  00762ny  a22002053n 4500
=001  22969927950003841
=003  TestILS
=004  991020822299703841
=005  20210520081217.84
=007  ta
=008  1205150u\\\\0\\\0001ba\\\0\\\\\\\\\\\\\\
=014  1\$a4368091$bOCoLC
=022  0\$a0148-5806$l0148-5806
=035  \\$a(OCoLC)4368091
=035  \\$a(TestILS)c12692347-01asu_inst
=245  00$aEducational communication and technology :$bEC & TJ.
=561  \\$aTESTINST1
=583  \\$acommitted to retain$c20120515$dDecember 31, 2035$fTESTPROGRAM$fTESTPROGRAM Silver$uhttp://localhost/services/testprogram/docs/TESTPROGRAMProgramStatement.pdf
=583  \\$acompleteness reviewed$c20120515$fTESTPROGRAM$fTESTPROGRAM Silver$ivolume-level$lbinding patterns vary$zvols 28-29, 31-36, two vols bound as single units
=852  0\$aTESTINST1$bHDC$ctestprogram-trust$hLB1028.3$i.E2
=866  30$80$a26(1978)-36(1988)

