=LDR  00695ny  a22002053n 4500
=001  22831269140003841
=003  TestILS
=004  991011811269703841
=005  20210520081217.74
=007  ta
=008  1605090u\\\\0\\\0001ba\\\0\\\\\\\\\\\\\\
=014  1\$a1789227$bOCoLC
=022  \\$a0092-1424
=035  \\$a(OCoLC)1789227
=035  \\$a(TestILS)c13793846-01asu_inst
=245  04$aThe MATYC journal.
=561  \\$aTESTINST1
=583  \\$acommitted to retain$c20160509$dDecember 31, 2035$fTESTPROGRAM$fTESTPROGRAM Silver$uhttp://localhost/services/testprogram/docs/TESTPROGRAMProgramStatement.pdf
=583  \\$acompleteness reviewed$c20160509$fTESTPROGRAM$fTESTPROGRAM Silver$ivolume-level$lmissing volumes$zmissing v.1-12
=852  0\$aTESTINST1$bHDC$ctestprogram-trust
=866  30$80$a13(1979)-15(1981)

