=LDR  00733    a2200217 n 4500
=001  22854964920003841
=003  TestILS
=004  991011853849703841
=005  20210520081217.38
=007  ta
=008  1505010u\\\\0\\\0001ba\\\0\\\\\\\\\\\\\\
=014  1\$a1966158$bOCoLC
=022  \\$a0305-9553
=035  \\$a(OCoLC)1966158
=035  \\$a(TestILS)c13578790-01asu_inst
=245  00$aStandard and chartered review.
=561  \\$aTESTINST1
=583  \\$acommitted to retain$c20150501$dDecember 31, 2035$fTESTPROGRAM$fTESTPROGRAM Gold$uhttp://localhost/services/testprogram/docs/TESTPROGRAMProgramStatement.pdf
=583  \\$acompleteness reviewed$c20150501$fTESTPROGRAM$fTESTPROGRAM Gold$iissue-level
=583  \\$acondition reviewed$c20150501$fTESTPROGRAM$fTESTPROGRAM Gold$iissue-level
=852  0\$aTESTINST1$bHDC$ctestprogram-trust$hHC10$i.S8x
=866  30$80$a(1975)

