=LDR  00788    a2200241 n 4500
=001  22822632570003841
=003  TestILS
=004  991011779559703841
=005  20210520081217.57
=007  ta
=008  1605090u\\\\0\\\0001ba\\\0\\\\\\\\\\\\\\
=014  1\$a1781525$bOCoLC
=022  \\$a0071-6294
=035  \\$a(OCoLC)1781525
=035  \\$a(TestILS)c13793937-01asu_inst
=245  00$aFocus on dance.
=561  \\$aTESTINST1
=561  \\$aUUS
=561  \\$aNTD
=583  \\$acommitted to retain$c20160509$dDecember 31, 2035$fTESTPROGRAM$fTESTPROGRAM Gold$uhttp://localhost/services/testprogram/docs/TESTPROGRAMProgramStatement.pdf
=583  \\$acompleteness reviewed$c20160509$fTESTPROGRAM$fTESTPROGRAM Gold$iissue-level
=583  \\$acondition reviewed$c20160509$fTESTPROGRAM$fTESTPROGRAM Gold$iissue-level
=852  0\$aTESTINST1$bHDC$ctestprogram-trust$hGV1580$i.F58
=866  30$80$ano.1(1960)-12(1992)

