=LDR  00797ny  a22002413n 4500
=001  22821771310003841
=003  TestILS
=004  991011550639703841
=005  20210520081218.04
=007  ta
=008  1404160u\\\\0\\\0001ba\\\0\\\\\\\\\\\\\\
=014  1\$a1568280$bOCoLC
=022  \\$a0185-2574
=022  \\$a0071-1667
=035  \\$a(OCoLC)1568280
=035  \\$a(TestILS)c13382299-01asu_inst
=245  00$aEstudios de cultura maya.
=561  \\$aTESTINST1
=561  \\$aAZU
=583  \\$acommitted to retain$c20140416$dDecember 31, 2035$fTESTPROGRAM$fTESTPROGRAM Silver$uhttp://localhost/services/testprogram/docs/TESTPROGRAMProgramStatement.pdf
=583  \\$acompleteness reviewed$c20140416$fTESTPROGRAM$fTESTPROGRAM Silver$ivolume-level$lmissing volumes$zmissing vols. 14
=852  0\$aTESTINST1$bHDC$ctestprogram-trust
=866  30$80$a1(1961)-13(1981), 15(1983)-26(2005)
=868  30$80$a1(1961)-10(1977)

