=LDR  00640nx  a22001811n 4500
=003  TestILS
=004  991013893339703841
=007  ta
=001  221109129000003841
=008  1905210u\\\\0\\\0000ba\\\0\\\\\\
=005  20210520081217.63
=022  \\$a1563-0447
=035  \\$a(OCoLC)61205187
=245  00$aOECD-FAO agricultural outlook.
=583  \\$acommitted to retain$c20190521$dDecember 31, 2035$fTESTPROGRAM$fTESTPROGRAM Silver$uhttp://localhost/services/testprogram/docs/TESTPROGRAMProgramStatement.pdf
=583  \\$acompleteness reviewed$c20190521$fTESTPROGRAM$fTESTPROGRAM Silver$ivolume level$lmissing volumes$zmissing (2005)-(2012), (2014)-(2015)
=561  \\$aTESTINST1
=852  0\$aTESTINST1$bHDC$ctestprogram-trust$hHD1401$i.A338
=866  30$80$a(2013)

