=LDR  00705nx  a22001931n 4500
=003  TestILS
=004  991011851239703841
=007  ta
=001  221153825520003841
=008  2104075u\\\\0\\\0000ba\\\0\\\\\\
=005  20210520081217.38
=022  \\$a0323-5254
=035  \\$a(OCoLC)1941186
=245  00$aMilitärgeschichte.
=583  \\$acommitted to retain$c20210407$d20351231$fTESTPROGRAM$fTESTPROGRAM Gold$uhttp://localhost/services/testprogram/docs/TESTPROGRAMProgramStatement.pdf
=583  \\$acompleteness reviewed$c20210407$fTESTPROGRAM$fTESTPROGRAM Gold$iissue level$lmissing issues$zmissing v.26:5-6(1987), v.29:5(1990)
=583  \\$acondition reviewed$c20210407$fTESTPROGRAM$fTESTPROGRAM Gold$iissue level
=561  \\$aTESTINST1
=852  0\$aTESTINST1$bHDC$ctestprogram-trust$hD25$i.Z4
=866  30$80$a11(1972)-29(1990)

