=LDR  00645nx  a22001811n 4500
=003  TestILS
=004  991019036159703841
=007  ta
=001  221109137980003841
=008  1905210u\\\\0\\\0000ba\\\0\\\\\\
=005  20210520081217.72
=022  \\$a0180-684X
=035  \\$a(OCoLC)3491144
=245  00$aCahiers d'études romanes.
=583  \\$acommitted to retain$c20190521$dDecember 31, 2035$fTESTPROGRAM$fTESTPROGRAM Silver$uhttp://localhost/services/testprogram/docs/TESTPROGRAMProgramStatement.pdf
=583  \\$acompleteness reviewed$c20190521$fTESTPROGRAM$fTESTPROGRAM Silver$ivolume level$lmissing volumes$zmissing
=561  \\$aTESTINST1
=852  0\$aTESTINST1$bHDC$ctestprogram-trust$hPC2$i.C33
=866  30$80$ano.1(1974)-18(1994); n.s. no.1(1998)-31(2015)

