=LDR  00691nx  a22001811n 4500
=003  TestILS
=004  991011711639703841
=007  ta
=001  221134229230003841
=008  1912315u\\\\0\\\0000ba\\\0\\\\\\
=005  20210520081217.87
=035  \\$a(OCoLC)1761562
=245  00$aOstasiatische Zeitschrift.
=583  \\$acommitted to retain$c20191231$dDecember 31, 2035$fTESTPROGRAM$fTESTPROGRAM Gold$uhttp://localhost/services/testprogram/docs/TESTPROGRAMProgramStatement.pdf
=583  \\$acompleteness reviewed$c20191231$fTESTPROGRAM$fTESTPROGRAM Gold$iissue level$lmissing issues$zmissing v.3-10, v.27-28
=583  \\$acondition reviewed$c20191231$fTESTPROGRAM$fTESTPROGRAM Gold$iissue level
=561  \\$aTESTINST1
=852  0\$aTESTINST1$bHDC$ctestprogram-trust$hN8$i.O8
=866  30$80$a1(1912)-2(1914), 11(1924)-26(1940)

