=LDR  00732    a2200217 n 4500
=001  22929721820003841
=003  TestILS
=004  991002173719703841
=005  20210520081217.78
=007  ta
=008  1306100u\\\\0\\\0001ba\\\0\\\\\\\\\\\\\\
=014  1\$a22202613$bOCoLC
=022  0\$a1052-1712
=035  \\$a(OCoLC)22202613
=035  \\$a(TestILS)c13183679-01asu_inst
=245  00$aModern arts criticism.
=561  \\$aTESTINST1
=583  \\$acommitted to retain$c20130610$dDecember 31, 2035$fTESTPROGRAM$fTESTPROGRAM Gold$uhttp://localhost/services/testprogram/docs/TESTPROGRAMProgramStatement.pdf
=583  \\$acompleteness reviewed$c20130610$fTESTPROGRAM$fTESTPROGRAM Gold$iissue-level
=583  \\$acondition reviewed$c20130610$fTESTPROGRAM$fTESTPROGRAM Gold$iissue-level
=852  0\$aTESTINST1$bHDC$ctestprogram-trust
=866  30$80$a1(1991)-4(1994)

