=LDR  00670nx  a22001811n 4500
=003  TestILS
=004  991048413699503841
=007  ta
=001  221117079750003841
=008  1905310u\\\\0\\\0000ba\\\0\\\\\\
=005  20210520081217.93
=022  \\$a2638-8340
=035  \\$a(OCoLC)6898677$z(OCoLC)2446294$z(OCoLC)8893291$z(OCoLC)479398217
=245  04$aThe cyclopedic review of current history.
=583  \\$acommitted to retain$c20190531$dDecember 31, 2035$fTESTPROGRAM$fTESTPROGRAM Silver$uhttp://localhost/services/testprogram/docs/TESTPROGRAMProgramStatement.pdf
=583  \\$acompleteness reviewed$c20190531$fTESTPROGRAM$fTESTPROGRAM Silver$ivolume level$lmissing volumes$zmissing
=561  \\$aTESTINST1
=852  0\$aTESTINST1$bHDC$ctestprogram-trust$hD394$i.C89
=866  30$80$a5(1895)-11(1901/02)

