=LDR  00657nx  a22001931n 4500
=003  TestILS
=004  991002186309703841
=007  ta
=001  221171327040003841
=008  2105160u\\\\0\\\0000ba\\\0\\\\\\
=005  20210520081217.79
=022  \\$a1055-792X
=035  \\$a(OCoLC)22589051
=245  10$aAward-winning books for children and young adults :$ban annual guide ... /$cby Betty L. Criscoe.
=583  \\$acommitted to retain$c20210514$d20351231$fTESTPROGRAM$fTESTPROGRAM Gold$uhttp://localhost/services/testprogram/docs/TESTPROGRAMProgramStatement.pdf
=583  \\$acompleteness reviewed$c20210514$fTESTPROGRAM$fTESTPROGRAM Gold$iissue level
=583  \\$acondition reviewed$c20210514$fTESTPROGRAM$fTESTPROGRAM Gold$iissue level
=561  \\$aTESTINST1
=852  0\$aTESTINST1$bHDC$ctestprogram-trust$hPN1008.2$i.A9x
=866  30$80$a(1989)-(1990/91)

