=LDR  00911ny  a22002053n 4500
=001  22819241550003841
=003  TestILS
=004  991011787009703841
=005  20210520081217.97
=007  ta
=008  1305290u\\\\0\\\0001ba\\\0\\\\\\\\\\\\\\
=014  1\$a7920794$bOCoLC
=022  \\$a0022-4383
=035  \\$a(OCoLC)7920794
=035  \\$a(TestILS)c13181415-01asu_inst
=245  04$aThe Journal of San Diego history.
=561  \\$aTESTINST1
=583  \\$acommitted to retain$c20130529$dDecember 31, 2035$fTESTPROGRAM$fTESTPROGRAM Silver$uhttp://localhost/services/testprogram/docs/TESTPROGRAMProgramStatement.pdf
=583  \\$acompleteness reviewed$c20130529$fTESTPROGRAM$fTESTPROGRAM Silver$ivolume-level$lmissing volumes$zmissing vol. 13, vol. 14 issues 1-3, vol. 15-18, vol. 19 issues 1-3, vol. 20-22$lbinding patterns vary$zfor volumes 29-30, 33-34, 42-43, 49-52, two volumes bound together as single piece
=852  0\$aTESTINST1$bHDC$ctestprogram-trust$hF868.S15$iJ6
=866  30$80$a12(1966), 14(1968), 19(1973), 23(1977)-52(2006)

