=LDR  00697nx  a22001931n 4500
=003  TestILS
=004  991020847489703841
=007  ta
=001  221154659550003841
=008  2104185u\\\\0\\\0000ba\\\0\\\\\\
=005  20210520081217.85
=022  \\$a0164-3371
=035  \\$a(OCoLC)4621934
=245  00$aMicrowave systems news :$bMSN.
=583  \\$acommitted to retain$c20210418$d20351231$fTESTPROGRAM$fTESTPROGRAM Gold$uhttp://localhost/services/testprogram/docs/TESTPROGRAMProgramStatement.pdf
=583  \\$acompleteness reviewed$c20210418$fTESTPROGRAM$fTESTPROGRAM Gold$iissue level$lmissing issues$zmissing 1(1970)-11(1981)
=583  \\$acondition reviewed$c20210418$fTESTPROGRAM$fTESTPROGRAM Gold$iissue level
=561  \\$aTESTINST1
=852  0\$aTESTINST1$bHDC$ctestprogram-trust$hTK7876$i.M27
=866  30$80$a12(1982)-14(1984)

