=LDR  00662ny  a22002053n 4500
=001  22870557830003841
=003  TestILS
=004  991020319289703841
=005  20210520081217.83
=007  ta
=008  1206270u\\\\0\\\0001ba\\\0\\\\\\\\\\\\\\
=014  1\$a3980789$bOCoLC
=022  \\$a0193-8509
=035  \\$a(OCoLC)3980789
=035  \\$a(TestILS)c12807242-01asu_inst
=245  00$aJournal of the Arizona-Nevada Academy of Science.
=561  \\$aTESTINST1
=583  \\$acommitted to retain$c20120627$dDecember 31, 2035$fTESTPROGRAM$fTESTPROGRAM Silver$uhttp://localhost/services/testprogram/docs/TESTPROGRAMProgramStatement.pdf
=583  \\$acompleteness reviewed$c20120627$fTESTPROGRAM$fTESTPROGRAM Silver$ivolume-level
=852  0\$aTESTINST1$bHDC$ctestprogram-trust
=866  30$80$a13(1979)-38(2005)

