=LDR  00741nx  a22001931n 4500
=003  TestILS
=004  991016529619703841
=007  ta
=001  221145087780003841
=008  2005315u\\\\0\\\0000ba\\\0\\\\\\
=005  20210520081218.11
=022  \\$a0161-0376
=035  \\$a(OCoLC)3110313
=245  00$aAEB, Analytical & enumerative bibliography.
=583  \\$acommitted to retain$c20200531$dDecember 31, 2035$fTESTPROGRAM$fTESTPROGRAM Gold$uhttp://localhost/services/testprogram/docs/TESTPROGRAMProgramStatement.pdf
=583  \\$acompleteness reviewed$c20200531$fTESTPROGRAM$fTESTPROGRAM Gold$iissue level$lmissing issues$zmissing n.s. v. 9, no. 4(1995)-12(2001)
=583  \\$acondition reviewed$c20200531$fTESTPROGRAM$fTESTPROGRAM Gold$iissue level
=561  \\$aTESTINST1
=852  0\$aTESTINST1$bHDC$ctestprogram-trust$hZ1007$i.A115
=866  30$80$a1(1977)-8(1984); n.s. 1(1987)-9(1995)

