=LDR  00696ny  a22002173n 4500
=001  22852315390003841
=003  TestILS
=004  991011848679703841
=005  20210520081217.37
=007  ta
=008  1305300u\\\\0\\\0001ba\\\0\\\\\\\\\\\\\\
=014  1\$a1911556$bOCoLC
=022  \\$a0304-324X
=030  \\$aGERNDJ
=035  \\$a(OCoLC)1911556
=035  \\$a(TestILS)c13181579-01asu_inst
=245  00$aGerontology.
=561  \\$aTESTINST1
=583  \\$acommitted to retain$c20130530$dDecember 31, 2035$fTESTPROGRAM$fTESTPROGRAM Silver$uhttp://localhost/services/testprogram/docs/TESTPROGRAMProgramStatement.pdf
=583  \\$acompleteness reviewed$c20130530$fTESTPROGRAM$fTESTPROGRAM Silver$ivolume-level
=852  0\$aTESTINST1$bHDC$ctestprogram-trust$hQP86$i.G4
=866  30$80$a22(1976)-51(2005)

