=LDR  00707ny  a22002053n 4500
=001  22827495390003841
=003  TestILS
=004  991035478659703841
=005  20210520081218.01
=007  ta
=008  1605200u\\\\0\\\0001ba\\\0\\\\\\\\\\\\\\
=014  1\$a26443474$bOCoLC
=022  0\$a1064-8909
=035  \\$a(OCoLC)26443474
=035  \\$a(TestILS)c13832827-01asu_inst
=245  10$aBeverage world.
=561  \\$aTESTINST1
=583  \\$acommitted to retain$c20160520$dDecember 31, 2035$fTESTPROGRAM$fTESTPROGRAM Silver$uhttp://localhost/services/testprogram/docs/TESTPROGRAMProgramStatement.pdf
=583  \\$acompleteness reviewed$c20160520$fTESTPROGRAM$fTESTPROGRAM Silver$ivolume-level$lmissing volumes$zmissing v.104
=852  0\$aTESTINST1$bHDC$ctestprogram-trust
=866  30$80$a110(1990)-111, no.1528(1992)

