=LDR  00878    a2200229 n 4500
=001  22828402030003841
=003  TestILS
=004  991030574379703841
=005  20210520081217.47
=007  ta
=008  1405150u\\\\0\\\0001ba\\\0\\\\\\\\\\\\\\
=014  1\$a9171046$bOCoLC
=022  0\$a0736-6205
=030  \\$aBTNQDO
=035  \\$a(OCoLC)9171046
=035  \\$a(TestILS)c1340412x-01asu_inst
=245  00$aBiotechniques.
=561  \\$aTESTINST1
=583  \\$acommitted to retain$c20140515$dDecember 31, 2035$fTESTPROGRAM$fTESTPROGRAM Gold$uhttp://localhost/services/testprogram/docs/TESTPROGRAMProgramStatement.pdf
=583  \\$acompleteness reviewed$c20140515$fTESTPROGRAM$fTESTPROGRAM Gold$iissue-level
=583  \\$acondition reviewed$c20140515$fTESTPROGRAM$fTESTPROGRAM Gold$iissue-level$lmissing images$zback cover of vol. 17 issue 3 torn off; v27 missing pages$lloose pages$zloose pages for vol. 20 issues 5-6
=852  0\$aTESTINST1$bHDC$ctestprogram-trust
=866  30$80$a1(1983)-39(2005)

