=LDR  00691nx  a22001811n 4500
=003  TestILS
=004  991020814419703841
=007  ta
=001  221129620330003841
=008  1910315u\\\\0\\\0000ba\\\0\\\\\\
=005  20210520081217.83
=035  \\$a(OCoLC)4292977
=245  00$aBulletin of bibliography and dramatic index.
=583  \\$acommitted to retain$c20191031$dDecember 31, 2035$fTESTPROGRAM$fTESTPROGRAM Gold$uhttp://localhost/services/testprogram/docs/TESTPROGRAMProgramStatement.pdf
=583  \\$acompleteness reviewed$c20191031$fTESTPROGRAM$fTESTPROGRAM Gold$iissue level$lmissing issues$zmissing v.18
=583  \\$acondition reviewed$c20191031$fTESTPROGRAM$fTESTPROGRAM Gold$iissue level
=561  \\$aTESTINST1
=852  0\$aTESTINST1$bHDC$ctestprogram-trust$hZ1007$i.B94
=866  30$80$a7(1912)-17(1943), 19(1947)-21, no.1(1953)

