=LDR  00733    a2200217 n 4500
=001  22822396240003841
=003  TestILS
=004  991011781119703841
=005  20210520081217.97
=007  ta
=008  1404150u\\\\0\\\0001ba\\\0\\\\\\\\\\\\\\
=014  1\$a1781782$bOCoLC
=022  \\$a0578-3607
=035  \\$a(OCoLC)1781782
=035  \\$a(TestILS)c13381799-01asu_inst
=245  00$aCity lights journal.
=561  \\$aTESTINST1
=583  \\$acommitted to retain$c20140415$dDecember 31, 2035$fTESTPROGRAM$fTESTPROGRAM Gold$uhttp://localhost/services/testprogram/docs/TESTPROGRAMProgramStatement.pdf
=583  \\$acompleteness reviewed$c20140415$fTESTPROGRAM$fTESTPROGRAM Gold$iissue-level
=583  \\$acondition reviewed$c20140415$fTESTPROGRAM$fTESTPROGRAM Gold$iissue-level
=852  0\$aTESTINST1$bHDC$ctestprogram-trust
=866  30$80$ano.1(1963)-4(1978)

