=LDR  00740nx  a22001931n 4500
=003  TestILS
=004  991011838759703841
=007  ta
=001  221135121550003841
=008  2001285u\\\\0\\\0000ba\\\0\\\\\\
=005  20210520081217.76
=022  \\$a0022-9660
=035  \\$a(OCoLC)1800181
=245  00$aKeeping up with elementary education.
=583  \\$acommitted to retain$c20200128$dDecember 31, 2035$fTESTPROGRAM$fTESTPROGRAM Gold$uhttp://localhost/services/testprogram/docs/TESTPROGRAMProgramStatement.pdf
=583  \\$acompleteness reviewed$c20200128$fTESTPROGRAM$fTESTPROGRAM Gold$iissue level$lmissing issues$zmissing v.13:3(1968), v.14:1,3-4(1969), 17:2(1972)
=583  \\$acondition reviewed$c20200128$fTESTPROGRAM$fTESTPROGRAM Gold$iissue level
=561  \\$aTESTINST1
=852  0\$aTESTINST1$bHDC$ctestprogram-trust$hL11$i.K4
=866  30$80$a14, no.2(1969)-17, no.1(1972)

