=LDR  00808    a2200217 n 4500
=001  22865271860003841
=003  TestILS
=004  991015250539703841
=005  20210520081218.10
=007  ta
=008  1407280u\\\\0\\\0001ba\\\0\\\\\\\\\\\\\\
=014  1\$a26319751$bOCoLC
=022  0\$a1064-5020$l1064-5020
=035  \\$a(OCoLC)26319751
=035  \\$a(TestILS)c13501367-01asu_inst
=245  00$aEMF, studies in early modern France.
=561  \\$aHTM
=583  \\$acommitted to retain$c20140728$dDecember 31, 2035$fTESTPROGRAM$fTESTPROGRAM Gold$uhttp://localhost/services/testprogram/docs/TESTPROGRAMProgramStatement.pdf
=583  \\$acompleteness reviewed$c20140728$fTESTPROGRAM$fTESTPROGRAM Gold$iissue-level$lmissing volumes$zmissing vol. 4
=583  \\$acondition reviewed$c20140728$fTESTPROGRAM$fTESTPROGRAM Gold$iissue-level
=852  0\$aTESTINST1$bHDC$ctestprogram-trust$hPQ230$i.C66x
=866  30$80$a1(1994)-3(1997), 5(1999)-10(2005)

