=LDR  00518ny  a22001693n 4500
=003  TestILS
=004  991011536929703841
=005  20210520081217.94
=001  221156616360003841
=007  ta
=008  2011090u\\\\0\\\0000ba\\\0\\\\\\
=022  \\$a0070-2749
=035  \\$a(OCoLC)1565875
=245  00$aDanish yearbook of philosophy.
=561  \\$aTESTINST1
=583  \\$acommitted to retain$c20201109$d20351231$fTESTPROGRAM$fTESTPROGRAM Bronze$uhttp://localhost/services/testprogram/docs/TESTPROGRAMProgramStatement.pdf
=852  0\$aTESTINST1$bHDC$ctestprogram-trust$hB1$i.A16
=866  30$80$a1(1964)-23(1986), 36(2001)-40(2005)

