=LDR  00812ny  a22002173n 4500
=001  22830789550003841
=003  TestILS
=004  991003045279703841
=005  20210520081218.08
=007  ta
=008  1305130u\\\\0\\\0001ba\\\0\\\\\\\\\\\\\\
=014  1\$a2739378$bOCoLC
=022  0\$a0147-2496$l0147-2496
=030  \\$aEREVEE
=035  \\$a(OCoLC)2739378
=035  \\$a(TestILS)c13150881-01asu_inst
=245  10$aEnvironmental review :$bER.
=561  \\$aOWS
=583  \\$acommitted to retain$c20130513$dDecember 31, 2035$fTESTPROGRAM$fTESTPROGRAM Silver$uhttp://localhost/services/testprogram/docs/TESTPROGRAMProgramStatement.pdf
=583  \\$acompleteness reviewed$c20130513$fTESTPROGRAM$fTESTPROGRAM Silver$ivolume-level$lReprints$zvol.3 issue 2 Reprint$lBinding patterns vary$zFor vols. 1-6, two volumes bound as 1 piece
=852  0\$aTESTINST1$bHDC$ctestprogram-trust$hGF1$i.E59
=866  30$80$a1(1976/1977)-13(1989)

