=LDR  00686nx  a22001811n 4500
=003  TestILS
=004  991027159089703841
=007  ta
=001  221171363710003841
=008  2105180u\\\\0\\\0000ba\\\0\\\\\\
=005  20210520081217.69
=035  \\$a(OCoLC)7518444
=245  00$aCairo studies in English.
=583  \\$acommitted to retain$c20210514$d20351231$fTESTPROGRAM$fTESTPROGRAM Gold$uhttp://localhost/services/testprogram/docs/TESTPROGRAMProgramStatement.pdf
=583  \\$acompleteness reviewed$c20210514$fTESTPROGRAM$fTESTPROGRAM Gold$iissue level$lmissing issues$zmissing (1961)-(1962), (1967) and after
=583  \\$acondition reviewed$c20210514$fTESTPROGRAM$fTESTPROGRAM Gold$iissue level
=561  \\$aTESTINST1
=852  0\$aTESTINST1$bHDC$ctestprogram-trust$hPR1$i.C23
=866  30$80$a(1959/60), (1963/66)

