=LDR  00777    a2200217 n 4500
=001  22957512440003841
=003  TestILS
=004  991020842469703841
=005  20210520081217.84
=007  ta
=008  1505150u\\\\0\\\0001ba\\\0\\\\\\\\\\\\\\
=014  1\$a4579294$bOCoLC
=022  0\$a0081-2951
=035  \\$a(OCoLC)4579294
=035  \\$a(TestILS)c13598466-01asu_inst
=245  10$aSECOLAS annals.
=561  \\$aTESTINST1
=583  \\$acommitted to retain$c20150515$dDecember 31, 2035$fTESTPROGRAM$fTESTPROGRAM Gold$uhttp://localhost/services/testprogram/docs/TESTPROGRAMProgramStatement.pdf
=583  \\$acompleteness reviewed$c20150515$fTESTPROGRAM$fTESTPROGRAM Gold$iissue-level$lmissing volumes$zmissing v.7-9
=583  \\$acondition reviewed$c20150515$fTESTPROGRAM$fTESTPROGRAM Gold$iissue-level
=852  0\$aTESTINST1$bHDC$ctestprogram-trust$hF1408$i.S4x
=866  30$80$a10(1979)-11(1980)

