=LDR  00721ny  a22002053n 4500
=001  22968784520003841
=003  TestILS
=004  991020823789703841
=005  20210520081217.84
=007  ta
=008  1305290u\\\\0\\\0001ba\\\0\\\\\\\\\\\\\\
=014  1\$a4384137$bOCoLC
=022  \\$a0022-2089
=035  \\$a(OCoLC)4384137
=035  \\$a(TestILS)c13181282-01asu_inst
=245  04$aThe Jewish social service quarterly.
=561  \\$aTESTINST1
=583  \\$acommitted to retain$c20130529$dDecember 31, 2035$fTESTPROGRAM$fTESTPROGRAM Silver$uhttp://localhost/services/testprogram/docs/TESTPROGRAMProgramStatement.pdf
=583  \\$acompleteness reviewed$c20130529$fTESTPROGRAM$fTESTPROGRAM Silver$ivolume-level$lmissing volumes$zmissing vols. 1-9, 26
=852  0\$aTESTINST1$bHDC$ctestprogram-trust
=866  30$80$a10(1933)-25(1949), 27(1950)-32(1955)

