=LDR  00697nx  a22001931n 4500
=003  TestILS
=004  991022911859703841
=007  ta
=001  221126308970003841
=008  1908165u\\\\0\\\0000ba\\\0\\\\\\
=005  20210520081217.76
=022  \\$a0000-0434
=035  \\$a(OCoLC)5971097
=245  00$aMIMP, magazine industry market place.
=583  \\$acommitted to retain$c20190823$dDecember 31, 2035$fTESTPROGRAM$fTESTPROGRAM Gold$uhttp://localhost/services/testprogram/docs/TESTPROGRAMProgramStatement.pdf
=583  \\$acompleteness reviewed$c20190823$fTESTPROGRAM$fTESTPROGRAM Gold$iissue level$lmissing issues$z1980, 1985 missing
=583  \\$acondition reviewed$c20190823$fTESTPROGRAM$fTESTPROGRAM Gold$iissue level
=561  \\$aTESTINST1
=852  0\$aTESTINST1$bHDC$ctestprogram-trust$hPN4877$i.M47x
=866  30$80$a(1981)-(1987)

