=LDR  00928    a2200241 n 4500
=001  22921066700003841
=003  TestILS
=004  991011657289703841
=005  20210520081217.61
=007  ta
=008  1306050u\\\\0\\\0001ba\\\0\\\\\\\\\\\\\\
=014  1\$a1715581$bOCoLC
=022  \\$a0073-4349
=035  \\$a(OCoLC)1715581
=035  \\$a(TestILS)c13183357-01asu_inst
=245  00$aIbero-Americana.
=561  \\$aTESTINST1
=561  \\$aCUV
=561  \\$aCUS
=583  \\$acommitted to retain$c20130605$dDecember 31, 2035$fTESTPROGRAM$fTESTPROGRAM Gold$uhttp://localhost/services/testprogram/docs/TESTPROGRAMProgramStatement.pdf
=583  \\$acompleteness reviewed$c20130605$fTESTPROGRAM$fTESTPROGRAM Gold$iissue-level$lmissing issues$zmissing vols  11, 13$lReprints$zvol. 7, 9, 21 Reprint
=583  \\$acondition reviewed$c20130605$fTESTPROGRAM$fTESTPROGRAM Gold$iissue-level$lunderlining$zno. 50 underlining/marginalia
=852  0\$aTESTINST1$bHDC$ctestprogram-trust$hF1401$i.I22
=866  30$80$a1(1932)-10(1935), 12(1937), 14(1938)-54(1983)

