=LDR  00693nx  a22001931n 4500
=003  TestILS
=004  991021984739703841
=007  ta
=001  221147859000003841
=008  2006305u\\\\0\\\0000ba\\\0\\\\\\
=005  20210520081217.36
=022  \\$a1085-276X
=035  \\$a(OCoLC)25174724
=245  00$aHispanic resource directory.
=583  \\$acommitted to retain$c20200630$dDecember 31, 2035$fTESTPROGRAM$fTESTPROGRAM Gold$uhttp://localhost/services/testprogram/docs/TESTPROGRAMProgramStatement.pdf
=583  \\$acompleteness reviewed$c20200630$fTESTPROGRAM$fTESTPROGRAM Gold$iissue level$lmissing issues$zmissing no.1-2
=583  \\$acondition reviewed$c20200630$fTESTPROGRAM$fTESTPROGRAM Gold$iissue level
=561  \\$aTESTINST1
=852  0\$aTESTINST1$bHDC$ctestprogram-trust$iE184.S75$iH584
=866  30$80$ano. 3(1996)

