=LDR  00787nx  a22001931n 4500
=003  TestILS
=004  991004848179703841
=007  ta
=001  221067404740003841
=008  1805165u\\\\0\\\0000ba\\\0\\\\\\
=005  20210520081218.09
=022  \\$a0187-4888
=035  \\$a(OCoLC)23601207
=245  03$aLa Industria química en México.
=583  \\$acommitted to retain$c20180523$dDecember 31, 2035$fTESTPROGRAM$fTESTPROGRAM Gold$uhttp://localhost/services/testprogram/docs/TESTPROGRAMProgramStatement.pdf
=583  \\$acompleteness reviewed$c20180523$fTESTPROGRAM$fTESTPROGRAM Gold$iissue level$lmissing volumes$zmissing (1983)-(1985), (1986)-(1989); (1992), (1994)-(1996)
=583  \\$acondition reviewed$c20180523$fTESTPROGRAM$fTESTPROGRAM Gold$iissue level
=561  \\$aTESTINST1
=852  0\$aTESTINST1$bHDC$ctestprogram-trust$hHD9655.M4$iI53
=866  30$80$a(1979)-(1982), (1986), (1990)-(1991), (1993), (1997)-(2007)

