=LDR  00704nx  a22001931n 4500
=003  TestILS
=004  991033873619703841
=007  ta
=001  221147858650003841
=008  2006305u\\\\0\\\0000ba\\\0\\\\\\
=005  20210520081218.00
=022  \\$a1105-0136
=035  \\$a(OCoLC)10728465
=245  00$6880-01$aValkanika symmeikta.
=583  \\$acommitted to retain$c20200630$dDecember 31, 2035$fTESTPROGRAM$fTESTPROGRAM Gold$uhttp://localhost/services/testprogram/docs/TESTPROGRAMProgramStatement.pdf
=583  \\$acompleteness reviewed$c20200630$fTESTPROGRAM$fTESTPROGRAM Gold$iissue level$lmissing issues$zmissing v.3(1989)-13(2002)
=583  \\$acondition reviewed$c20200630$fTESTPROGRAM$fTESTPROGRAM Gold$iissue level
=561  \\$aTESTINST1
=852  0\$aTESTINST1$bHDC$ctestprogram-trust$hDR1$i.V34
=866  30$80$a1(1981)-2(1983)

