=LDR  00695ny  a22002173n 4500
=001  22825032900003841
=003  TestILS
=004  991014217609703841
=005  20210520081218.15
=007  ta
=008  1705080u\\\\0\\\0001ba\\\0\\\\\\\\\\\\\\
=014  1\$a2712047$bOCoLC
=022  \\$a0308-2636
=035  \\$a(OCoLC)2712047
=035  \\$a(TestILS)c14146952-01asu_inst
=245  10$aPN review.
=561  \\$aTESTINST1
=583  \\$acommitted to retain$c20170508$dDecember 31, 2035$fTESTPROGRAM$fTESTPROGRAM Silver$uhttp://localhost/services/testprogram/docs/TESTPROGRAMProgramStatement.pdf
=583  \\$acompleteness reviewed$c20170508$fTESTPROGRAM$fTESTPROGRAM Silver$ivolume-level
=852  0\$aTESTINST1$bHDC$ctestprogram-trust
=866  30$80$a4(1976)-5(1978)
=868  30$80$a4(1976)-5(1978)

