=LDR  00745nx  a22001931n 4500
=003  TestILS
=004  991011722639703841
=007  ta
=001  221158697130003841
=008  2103185u\\\\0\\\0000ba\\\0\\\\\\
=005  20210520081217.47
=022  \\$a0033-5819
=035  \\$a(OCoLC)1763252
=245  00$aQuarterly review of literature.
=583  \\$acommitted to retain$c20210318$d20351231$fTESTPROGRAM$fTESTPROGRAM Gold$uhttp://localhost/services/testprogram/docs/TESTPROGRAMProgramStatement.pdf
=583  \\$acompleteness reviewed$c20210318$fTESTPROGRAM$fTESTPROGRAM Gold$iissue level$lmissing issues$zmissing v.1, v.2:1,4, v.3:1, v.4:1, v.5:2-4, v.6, v.7:1-3, v.8:3, v.9:3-4
=583  \\$acondition reviewed$c20210318$fTESTPROGRAM$fTESTPROGRAM Gold$iissue level
=561  \\$aTESTINST1
=852  0\$aTESTINST1$bHDC$ctestprogram-trust$hAP2$i.Q29
=866  30$80$a2(1945)-20(1976/77)

