=LDR  00774    a2200205 n 4500
=001  22968825440003841
=003  TestILS
=004  991011467139703841
=005  20210520081217.67
=007  ta
=008  1404160u\\\\0\\\0001ba\\\0\\\\\\\\\\\\\\
=014  1\$a1479618$bOCoLC
=035  \\$a(OCoLC)1479618
=035  \\$a(TestILS)c1340135x-01asu_inst
=245  04$aThe American business education yearbook.
=561  \\$aTESTINST1
=583  \\$acommitted to retain$c20140416$dDecember 31, 2035$fTESTPROGRAM$fTESTPROGRAM Gold$uhttp://localhost/services/testprogram/docs/TESTPROGRAMProgramStatement.pdf
=583  \\$acompleteness reviewed$c20140416$fTESTPROGRAM$fTESTPROGRAM Gold$iissue-level$lmissing volumes$zmissing vol. 4
=583  \\$acondition reviewed$c20140416$fTESTPROGRAM$fTESTPROGRAM Gold$iissue-level
=852  0\$aTESTINST1$bHDC$ctestprogram-trust
=866  30$80$a1(1944)-3(1946), 5(1948)-15(1958), 17(1960)-19(1962)

