=LDR  00667nx  a22001931n 4500
=003  TestILS
=004  991022857879703841
=007  ta
=001  221147439800003841
=008  2005315u\\\\0\\\0000ba\\\0\\\\\\
=005  20210520081218.14
=022  \\$a0736-9182
=035  \\$a(OCoLC)5274230
=245  00$aFree inquiry in creative sociology.
=583  \\$acommitted to retain$c20200531$dDecember 31, 2035$fTESTPROGRAM$fTESTPROGRAM Gold$uhttp://localhost/services/testprogram/docs/TESTPROGRAMProgramStatement.pdf
=583  \\$acompleteness reviewed$c20200531$fTESTPROGRAM$fTESTPROGRAM Gold$iissue level
=583  \\$acondition reviewed$c20200531$fTESTPROGRAM$fTESTPROGRAM Gold$iissue level
=561  \\$aTESTINST1
=852  0\$aTESTINST1$bHDC$ctestprogram-trust$hHM1$i.F85x
=866  30$80$a7(1979)-41, no.1(2013)

