=LDR  00738nx  a22001931n 4500
=003  TestILS
=004  991024956119703841
=007  ta
=001  221153824240003841
=008  2104115u\\\\0\\\0000ba\\\0\\\\\\
=005  20210520081217.43
=022  \\$a0014-4363
=035  \\$a(OCoLC)1568595
=245  00$aExcerpta medica.$nSection 32,$pPsychiatry.
=583  \\$acommitted to retain$c20210411$d20351231$fTESTPROGRAM$fTESTPROGRAM Gold$uhttp://localhost/services/testprogram/docs/TESTPROGRAMProgramStatement.pdf
=583  \\$acompleteness reviewed$c20210411$fTESTPROGRAM$fTESTPROGRAM Gold$iissue level$lmissing issues$zmissing v.22(1969)-23(1970), v.54:10(1986), v.63:6(1991) and after
=583  \\$acondition reviewed$c20210411$fTESTPROGRAM$fTESTPROGRAM Gold$iissue level
=561  \\$aTESTINST1
=852  0\$aTESTINST1$bHDC$ctestprogram-trust$hRC454$i.P64
=866  30$80$a24(1971)-63(1991)

