=LDR  00743    a2200205 n 4500
=001  22925645360003841
=003  TestILS
=004  991002156839703841
=005  20210520081217.78
=007  ta
=008  1505150u\\\\0\\\0001ba\\\0\\\\\\\\\\\\\\
=014  1\$a21567677$bOCoLC
=035  \\$a(OCoLC)21567677
=035  \\$a(TestILS)c1359834x-01asu_inst
=245  10$aInternational Conference proceedings /$cpresented by the American Production and Inventory Control Society, Inc.
=561  \\$aTESTINST1
=583  \\$acommitted to retain$c20150515$dDecember 31, 2035$fTESTPROGRAM$fTESTPROGRAM Gold$uhttp://localhost/services/testprogram/docs/TESTPROGRAMProgramStatement.pdf
=583  \\$acompleteness reviewed$c20150515$fTESTPROGRAM$fTESTPROGRAM Gold$iissue-level$lmissing issues$zmissing no. 32
=583  \\$acondition reviewed$c20150515$fTESTPROGRAM$fTESTPROGRAM Gold$iissue-level
=852  0\$aTESTINST1$bHDC$ctestprogram-trust
=866  30$80$ano.33(1990)-43(2000)

