=LDR  00694nx  a22001931n 4500
=003  TestILS
=004  991037139459703841
=007  ta
=001  221148479980003841
=008  2006305u\\\\0\\\0000ba\\\0\\\\\\
=005  20210520081217.99
=022  \\$a0887-9478
=035  \\$a(OCoLC)13439321
=245  00$aBusiness software directory.
=583  \\$acommitted to retain$c20200630$dDecember 31, 2035$fTESTPROGRAM$fTESTPROGRAM Gold$uhttp://localhost/services/testprogram/docs/TESTPROGRAMProgramStatement.pdf
=583  \\$acompleteness reviewed$c20200630$fTESTPROGRAM$fTESTPROGRAM Gold$iissue level$lmissing issues$zmissing 3(1986)+
=583  \\$acondition reviewed$c20200630$fTESTPROGRAM$fTESTPROGRAM Gold$iissue level
=561  \\$aTESTINST1
=852  0\$aTESTINST1$bHDC$ctestprogram-trust$hHF5548.125$i.B87x
=866  30$80$a3(1986)

