=LDR  00648nx  a22001811n 4500
=003  TestILS
=004  991045755669703841
=007  ta
=001  221114887910003841
=008  1905310u\\\\0\\\0000ba\\\0\\\\\\
=005  20210520081217.72
=022  \\$a0895-9307
=035  \\$a(OCoLC)16506765
=245  00$aGreen Mountains review.
=583  \\$acommitted to retain$c20190531$dDecember 31, 2035$fTESTPROGRAM$fTESTPROGRAM Silver$uhttp://localhost/services/testprogram/docs/TESTPROGRAMProgramStatement.pdf
=583  \\$acompleteness reviewed$c20190531$fTESTPROGRAM$fTESTPROGRAM Silver$ivolume level$lmissing volumes$zmissing 1(1974)-11, no.1(1998)
=561  \\$aTESTINST1
=852  0\$aTESTINST1$bHDC$ctestprogram-trust$hPS1$i.G74
=866  30$80$a11, no.2 (1998)-28(2015)

