=LDR  00753    a2200217 n 4500
=001  22886172650003841
=003  TestILS
=004  991022852129703841
=005  20210520081218.13
=007  ta
=008  1605010u\\\\0\\\0001ba\\\0\\\\\\\\\\\\\\
=014  1\$a5197736$bOCoLC
=022  0\$a0190-3233$l0190-3233
=035  \\$a(OCoLC)5197736
=035  \\$a(TestILS)c13788309-01asu_inst
=245  00$aReview.
=561  \\$aTESTINST1
=583  \\$acommitted to retain$c20160501$dDecember 31, 2035$fTESTPROGRAM$fTESTPROGRAM Gold$uhttp://localhost/services/testprogram/docs/TESTPROGRAMProgramStatement.pdf
=583  \\$acompleteness reviewed$c20160501$fTESTPROGRAM$fTESTPROGRAM Gold$iissue-level
=583  \\$acondition reviewed$c20160501$fTESTPROGRAM$fTESTPROGRAM Gold$iissue-level
=852  0\$aTESTINST1$bHDC$ctestprogram-trust$hPR1$i.R32
=866  30$80$a1(1979)-25(2003)

