=LDR  00733nx  a22001931n 4500
=003  TestILS
=004  991011866319703841
=007  ta
=001  221044119620003841
=008  1709140u\\\\0\\\0001ba\\\0\\\\\\
=005  20210520081217.39
=022  \\$a0362-8078
=035  \\$a(OCoLC)2069575
=245  10$aMinutes of the Seminar in Ukrainian Studies held at Harvard University.
=583  \\$acommitted to retain$c20170914$dDecember 31, 2035$fTESTPROGRAM$fTESTPROGRAM Gold$uhttp://localhost/services/testprogram/docs/TESTPROGRAMProgramStatement.pdf
=583  \\$acompleteness reviewed$c20170914$fTESTPROGRAM$fTESTPROGRAM Gold$iissue-level$lmissing volumes$zmissing no.1, 3, 7-8
=583  \\$acondition reviewed$c20170914$fTESTPROGRAM$fTESTPROGRAM Gold$iissue-level
=561  \\$aTESTINST1
=852  0\$aTESTINST1$bHDC$ctestprogram-trust$hDK508 .A2 H35
=866  30$80$ano.2(1971/1972), 4(1973)-6(1976), 9(1978/1979)

