=LDR  00584    a2200193 n 4500
=001  22832288450003841
=003  TestILS
=004  991008757029703841
=005  20210520081217.53
=007  ta
=008  1605090u\\\\0\\\0001ba\\\0\\\\\\\\\\\\\\
=014  1\$a1172301$bOCoLC
=022  \\$a0304-2634
=035  \\$a(OCoLC)1172301
=035  \\$a(TestILS)c1383261x-01asu_inst
=245  00$aBoletín de estudios latinoamericanos y del Caribe.
=561  \\$aTESTINST1
=583  \\$acommitted to retain$c20160509$dDecember 31, 2035$fTESTPROGRAM$fTESTPROGRAM Bronze$uhttp://localhost/services/testprogram/docs/TESTPROGRAMProgramStatement.pdf
=852  0\$aTESTINST1$bHDC$ctestprogram-trust
=866  30$80$ano.16(1974)-46(1989)

