=LDR  00786ny  a22002053n 4500
=001  22925006720003841
=003  TestILS
=004  991014175579703841
=005  20210520081217.92
=007  ta
=008  1311050u\\\\0\\\0001ba\\\0\\\\\\\\\\\\\\
=014  1\$a2442199$bOCoLC
=022  0\$a0316-1218
=035  \\$a(OCoLC)2442199
=035  \\$a(TestILS)c13280120-01asu_inst
=245  04$aThe Canadian journal of higher education.$bLa revue canadienne d'enseignement supérieur.
=561  \\$aTESTINST1
=583  \\$acommitted to retain$c20131105$dDecember 31, 2035$fTESTPROGRAM$fTESTPROGRAM Silver$uhttp://localhost/services/testprogram/docs/TESTPROGRAMProgramStatement.pdf
=583  \\$acompleteness reviewed$c20131105$fTESTPROGRAM$fTESTPROGRAM Silver$ivolume-level$lmissing volumes$zmissing vols. 5-6, 32-35$lbinding patterns vary$zfor vols. 7-20 two volumes bound together as single piece
=852  0\$aTESTINST1$bHDC$ctestprogram-trust
=866  30$80$a7(1977)-31(2001)

