=LDR  00735ny  a22002293n 4500
=001  22969404870003841
=003  TestILS
=004  991011714729703841
=005  20210520081217.88
=007  ta
=008  1206250u\\\\0\\\0001ba\\\0\\\\\\\\\\\\\\
=014  1\$a1762289$bOCoLC
=022  \\$a0031-8191
=035  \\$a(OCoLC)1762289
=035  \\$a(TestILS)c12806754-01asu_inst
=245  10$aPhilosophy :$bthe journal of the British Institute of Philosophical Studies.
=561  \\$aTESTINST1
=561  \\$aCDS
=561  \\$aORZ
=583  \\$acommitted to retain$c20120625$dDecember 31, 2035$fTESTPROGRAM$fTESTPROGRAM Silver$uhttp://localhost/services/testprogram/docs/TESTPROGRAMProgramStatement.pdf
=583  \\$acompleteness reviewed$c20120625$fTESTPROGRAM$fTESTPROGRAM Silver$ivolume-level$lreprints$zv.8-16, 19-20 reprints
=852  0\$aTESTINST1$bHDC$ctestprogram-trust
=866  30$80$a6(1931)-80(2005)

