=LDR  00659nx  a22001931n 4500
=003  TestILS
=004  991028633149703841
=007  ta
=001  221171363770003841
=008  2105180u\\\\0\\\0000ba\\\0\\\\\\
=005  20210520081217.81
=022  \\$a0226-0247
=035  \\$a(OCoLC)7869940
=245  10$aUniform final examination handbook /$cthe Institutes and Order of Chartered Accountants in Canada.
=583  \\$acommitted to retain$c20210514$d20351231$fTESTPROGRAM$fTESTPROGRAM Gold$uhttp://localhost/services/testprogram/docs/TESTPROGRAMProgramStatement.pdf
=583  \\$acompleteness reviewed$c20210514$fTESTPROGRAM$fTESTPROGRAM Gold$iissue level
=583  \\$acondition reviewed$c20210514$fTESTPROGRAM$fTESTPROGRAM Gold$iissue level
=561  \\$aTESTINST1
=852  0\$aTESTINST1$bHDC$ctestprogram-trust$hHF5661$i.I563x
=866  30$80$ano. 1(1979)-2(1980)

