=LDR  00713ny  a22002053n 4500
=001  22824645330003841
=003  TestILS
=004  991046090999703841
=005  20210520081217.73
=007  ta
=008  1306120u\\\\0\\\0001ba\\\0\\\\\\\\\\\\\\
=014  1\$a7823904$bOCoLC
=022  \\$a1472-3808
=035  \\$a(OCoLC)7823904
=035  \\$a(TestILS)c13185007-01asu_inst
=245  00$aResearch chronicle.
=561  \\$aTESTINST1
=583  \\$acommitted to retain$c20130612$dDecember 31, 2035$fTESTPROGRAM$fTESTPROGRAM Silver$uhttp://localhost/services/testprogram/docs/TESTPROGRAMProgramStatement.pdf
=583  \\$acompleteness reviewed$c20130612$fTESTPROGRAM$fTESTPROGRAM Silver$ivolume-level$lmissing volumes$zmissing vols. 15-31
=852  0\$aTESTINST1$bHDC$ctestprogram-trust
=866  30$80$ano.14(1978), 32(1999)-40(2007)

