=LDR  00704nx  a22001931n 4500
=003  TestILS
=004  991028932559703841
=007  ta
=001  221067406030003841
=008  1805165u\\\\0\\\0000ba\\\0\\\\\\
=005  20210520081218.20
=022  \\$a0734-4449
=035  \\$a(OCoLC)8735951
=245  00$aU.S. long-term review.
=583  \\$acommitted to retain$c20180523$dDecember 31, 2035$fTESTPROGRAM$fTESTPROGRAM Gold$uhttp://localhost/services/testprogram/docs/TESTPROGRAMProgramStatement.pdf
=583  \\$acompleteness reviewed$c20180523$fTESTPROGRAM$fTESTPROGRAM Gold$iissue level$lmissing volumes$zmissing 1987 fall & winter
=583  \\$acondition reviewed$c20180523$fTESTPROGRAM$fTESTPROGRAM Gold$iissue level
=561  \\$aTESTINST1
=852  0\$aTESTINST1$bHDC$ctestprogram-trust$hHC101 .D36a
=866  30$80$a(1986)-(1990)

