=LDR  00732    a2200217 n 4500
=001  22846833070003841
=003  TestILS
=004  991035501459703841
=005  20210520081218.02
=007  ta
=008  1505190u\\\\0\\\0001ba\\\0\\\\\\\\\\\\\\
=014  1\$a12531678$bOCoLC
=022  0\$a0884-9501
=035  \\$a(OCoLC)12531678
=035  \\$a(TestILS)c13604533-01asu_inst
=245  10$aBaseball history.
=561  \\$aTESTINST1
=583  \\$acommitted to retain$c20150519$dDecember 31, 2035$fTESTPROGRAM$fTESTPROGRAM Gold$uhttp://localhost/services/testprogram/docs/TESTPROGRAMProgramStatement.pdf
=583  \\$acompleteness reviewed$c20150519$fTESTPROGRAM$fTESTPROGRAM Gold$iissue-level
=583  \\$acondition reviewed$c20150519$fTESTPROGRAM$fTESTPROGRAM Gold$iissue-level
=852  0\$aTESTINST1$bHDC$ctestprogram-trust
=866  30$80$a1(1986)-2(1988)

