=LDR  00756    a2200217 n 4500
=001  22818337000003841
=003  TestILS
=004  991031157549703841
=005  20210520081217.58
=007  ta
=008  1605200u\\\\0\\\0001ba\\\0\\\\\\\\\\\\\\
=014  1\$a3688086$bOCoLC
=022  0\$a0884-5239$l0884-5239
=035  \\$a(OCoLC)3688086
=035  \\$a(TestILS)c13831471-01asu_inst
=245  00$aEPIEgram.$pEquipment.
=561  \\$aORZ
=583  \\$acommitted to retain$c20160520$dDecember 31, 2035$fTESTPROGRAM$fTESTPROGRAM Gold$uhttp://localhost/services/testprogram/docs/TESTPROGRAMProgramStatement.pdf
=583  \\$acompleteness reviewed$c20160520$fTESTPROGRAM$fTESTPROGRAM Gold$iissue-level
=583  \\$acondition reviewed$c20160520$fTESTPROGRAM$fTESTPROGRAM Gold$iissue-level
=852  0\$aTESTINST1$bHDC$ctestprogram-trust$hLB3044$i.E64
=866  30$80$a6(1977)-15(1988)

