=LDR  00628nx  a22001811n 4500
=003  TestILS
=004  991014184169703841
=007  ta
=001  221165006420003841
=008  2104260u\\\\0\\\0000ba\\\0\\\\\\
=005  20210520081217.93
=035  \\$a(OCoLC)2451683
=245  00$aWorldwide art book syllabus.
=583  \\$acommitted to retain$c20210426$d20351231$fTESTPROGRAM$fTESTPROGRAM Gold$uhttp://localhost/services/testprogram/docs/TESTPROGRAMProgramStatement.pdf
=583  \\$acompleteness reviewed$c20210426$fTESTPROGRAM$fTESTPROGRAM Gold$iissue level
=583  \\$acondition reviewed$c20210426$fTESTPROGRAM$fTESTPROGRAM Gold$iissue level
=561  \\$aTESTINST1
=852  0\$aTESTINST1$bHDC$ctestprogram-trust$hN5300$i.W862x
=866  30$80$a1(1966)-2(1967)

