=LDR  00695ny  a22002173n 4500
=001  22879255480003841
=003  TestILS
=004  991011596019703841
=005  20210520081217.80
=007  ta
=008  1305310u\\\\0\\\0001ba\\\0\\\\\\\\\\\\\\
=014  1\$a1607110$bOCoLC
=022  \\$a0036-8148
=035  \\$a(OCoLC)1607110
=035  \\$a(TestILS)c13181932-01asu_inst
=245  00$aScience and children.
=561  \\$aTESTINST1
=561  \\$aNTD
=583  \\$acommitted to retain$c20130531$dDecember 31, 2035$fTESTPROGRAM$fTESTPROGRAM Silver$uhttp://localhost/services/testprogram/docs/TESTPROGRAMProgramStatement.pdf
=583  \\$acompleteness reviewed$c20130531$fTESTPROGRAM$fTESTPROGRAM Silver$ivolume-level
=852  0\$aTESTINST1$bHDC$ctestprogram-trust$hLB1585$i.S34
=866  30$80$a1(1963)-43(2006)

