=LDR  00711    a2200205 n 4500
=001  22961263360003841
=003  TestILS
=004  991017360519703841
=005  20210520081218.19
=007  ta
=008  1410300u\\\\0\\\0001ba\\\0\\\\\\\\\\\\\\
=014  1\$a4547559$bOCoLC
=035  \\$a(OCoLC)4547559
=035  \\$a(TestILS)c13551164-01asu_inst
=245  14$aThe Bulletin of the State Historical and Natural History Society of Colorado.
=561  \\$aWYU
=583  \\$acommitted to retain$c20141030$dDecember 31, 2035$fTESTPROGRAM$fTESTPROGRAM Gold$uhttp://localhost/services/testprogram/docs/TESTPROGRAMProgramStatement.pdf
=583  \\$acompleteness reviewed$c20141030$fTESTPROGRAM$fTESTPROGRAM Gold$iissue-level
=583  \\$acondition reviewed$c20140515$fTESTPROGRAM$fTESTPROGRAM Gold$iissue-level
=852  0\$aTESTINST1$bHDC$ctestprogram-trust$hF771$i.C76
=866  30$80$a1(1920/23)

