=LDR  00765nx  a22001811n 4500
=003  TestILS
=004  991014162299703841
=007  ta
=001  221115998710003841
=008  1905310u\\\\0\\\0000ba\\\0\\\\\\
=005  20210520081217.92
=022  \\$a0363-0277
=035  \\$a(OCoLC)2351916
=245  10$aLibrary journal.
=583  \\$acommitted to retain$c20190531$dDecember 31, 2035$fTESTPROGRAM$fTESTPROGRAM Silver$uhttp://localhost/services/testprogram/docs/TESTPROGRAMProgramStatement.pdf
=583  \\$acompleteness reviewed$c20190531$fTESTPROGRAM$fTESTPROGRAM Silver$ivolume level$lmissing volumes$zmissing v.113:1,19 (1988), v.114:16(1989), v.117:1-7(1992), v.119:7-8(1997), v.120:3(1995), v.124:3(1999), v.127:18(2002), v.128:19(2003), v.134:12(2009)
=561  \\$aTESTINST1
=852  0\$aTESTINST1$bHDC$ctestprogram-trust$hZ671$i.L7
=866  30$80$a101(1976)-140(2015)

