=LDR  00667nx  a22001811n 4500
=003  TestILS
=004  991048301082903841
=007  ta
=001  221093183640003841
=008  1805220u\\\\0\\\0000ba\\\0\\\\\\
=005  20210520081217.40
=022  \\$a0048-850X
=035  \\$a(OCoLC)2450272
=245  00$aRodale's environment action bulletin.
=583  \\$acommitted to retain$c20180522$dDecember 31, 2035$fTESTPROGRAM$fTESTPROGRAM Silver$uhttp://localhost/services/testprogram/docs/TESTPROGRAMProgramStatement.pdf
=583  \\$acompleteness reviewed$c20180522$fTESTPROGRAM$fTESTPROGRAM Silver$ivolume level$lmissing volumes$zmissing v.9 1971 APR-DEC; v.4-8; v.9 Feb-Apr 1978
=561  \\$aCCO
=852  0\$aTESTINST1$bHDC$ctestprogram-trust$hRA565.A1$iR67
=866  30$80$a(1970)-(1972), (1978)

