=LDR  00690nx  a22001811n 4500
=003  TestILS
=004  991022906969703841
=007  ta
=001  221067281970003841
=008  1805140u\\\\0\\\0000ba\\\0\\\\\\
=005  20210520081217.76
=022  \\$a0302-2900
=035  \\$a(OCoLC)5907884
=245  00$aChemical age.
=583  \\$acommitted to retain$c20180514$dDecember 31, 2035$fTESTPROGRAM$fTESTPROGRAM Silver$uhttp://localhost/services/testprogram/docs/TESTPROGRAMProgramStatement.pdf
=583  \\$acompleteness reviewed$c20180514$fTESTPROGRAM$fTESTPROGRAM Silver$ivolume level$lmissing volumes$zmissing  v.118 (jan-mar); v.118:3118; v.121:3197-3198; v.122:3201-3226
=561  \\$aTESTINST1
=852  0\$aTESTINST1$bHDC$ctestprogram-trust$hTP1 .C34
=866  30$80$a108, no.2846(1974)-121(1980)

