=LDR  00737ny  a22002173n 4500
=001  22961199200003841
=003  TestILS
=004  991011941529703841
=005  20210520081217.62
=007  ta
=008  1207120u\\\\0\\\0001ba\\\0\\\\\\\\\\\\\\
=014  1\$a2288031$bOCoLC
=022  0\$a0362-2630
=035  \\$a(OCoLC)2288031
=035  \\$a(TestILS)c12809755-01asu_inst
=245  00$aAmerican Indian art.
=561  \\$aTESTINST1
=583  \\$acommitted to retain$c20120712$dDecember 31, 2035$fTESTPROGRAM$fTESTPROGRAM Gold$uhttp://localhost/services/testprogram/docs/TESTPROGRAMProgramStatement.pdf
=583  \\$acompleteness reviewed$c20120712$fTESTPROGRAM$fTESTPROGRAM Gold$iissue-level
=583  \\$acondition reviewed$c20120712$fTESTPROGRAM$fTESTPROGRAM Gold$iissue-level
=852  0\$aTESTINST1$bHDC$ctestprogram-trust
=866  30$80$a1(1975)-2, no. 2(1977)

