=LDR  00669ny  a22002053n 4500
=001  22926895830003841
=003  TestILS
=004  991032311879703841
=005  20210520081218.03
=007  ta
=008  1605010u\\\\0\\\0001ba\\\0\\\\\\\\\\\\\\
=014  1\$a10134558$bOCoLC
=022  0\$a0741-3653
=035  \\$a(OCoLC)10134558
=035  \\$a(TestILS)c13792350-01asu_inst
=245  00$aJournal of educational public relations.
=561  \\$aTESTINST1
=583  \\$acommitted to retain$c20160501$dDecember 31, 2035$fTESTPROGRAM$fTESTPROGRAM Silver$uhttp://localhost/services/testprogram/docs/TESTPROGRAMProgramStatement.pdf
=583  \\$acompleteness reviewed$c20160501$fTESTPROGRAM$fTESTPROGRAM Silver$ivolume-level
=852  0\$aTESTINST1$bHDC$ctestprogram-trust
=866  30$80$a7(1984)-16, no.2(1995)

