=LDR  00705nx  a22001931n 4500
=003  TestILS
=004  991041204639703841
=007  ta
=001  221126309850003841
=008  1908165u\\\\0\\\0000ba\\\0\\\\\\
=005  20210520081217.59
=022  \\$a0957-7149
=035  \\$a(OCoLC)19058758
=245  10$aAnnual review /$cthe Royal Commission on Historical Manuscripts.
=583  \\$acommitted to retain$c20190823$dDecember 31, 2035$fTESTPROGRAM$fTESTPROGRAM Gold$uhttp://localhost/services/testprogram/docs/TESTPROGRAMProgramStatement.pdf
=583  \\$acompleteness reviewed$c20190823$fTESTPROGRAM$fTESTPROGRAM Gold$iissue level$lmissing issues$z1988/89, 1999/2000-2002/03
=583  \\$acondition reviewed$c20190823$fTESTPROGRAM$fTESTPROGRAM Gold$iissue level
=561  \\$aTESTINST1
=852  0\$aTESTINST1$bHDC$ctestprogram-trust$hDA25.M1$iA3x
=866  30$80$a(1987)-(1999)

