=LDR  00729ny  a22002173n 4500
=001  22885687120003841
=003  TestILS
=004  991011591019703841
=005  20210520081217.79
=007  ta
=008  1305220u\\\\0\\\0001ba\\\0\\\\\\\\\\\\\\
=014  1\$a1605748$bOCoLC
=022  0\$a0021-2148
=030  \\$aISJCAT
=035  \\$a(OCoLC)1605748
=035  \\$a(TestILS)c13180733-01asu_inst
=245  00$aIsrael journal of chemistry.
=561  \\$aTESTINST1
=583  \\$acommitted to retain$c20130522$dDecember 31, 2035$fTESTPROGRAM$fTESTPROGRAM Silver$uhttp://localhost/services/testprogram/docs/TESTPROGRAMProgramStatement.pdf
=583  \\$acompleteness reviewed$c20130522$fTESTPROGRAM$fTESTPROGRAM Silver$ivolume-level$lmissing volumes$zmissing vol. 14 issues 2-4
=852  0\$aTESTINST1$bHDC$ctestprogram-trust
=866  30$80$a1(1963)-45(2005)

