=LDR  00624nx  a22001811n 4500
=003  TestILS
=004  991025111289703841
=007  ta
=001  221067284040003841
=008  1805140u\\\\0\\\0000ba\\\0\\\\\\
=005  20210520081217.41
=022  \\$a0276-7201
=035  \\$a(OCoLC)6567953
=245  04$aThe Amicus journal.
=583  \\$acommitted to retain$c20180514$dDecember 31, 2035$fTESTPROGRAM$fTESTPROGRAM Silver$uhttp://localhost/services/testprogram/docs/TESTPROGRAMProgramStatement.pdf
=583  \\$acompleteness reviewed$c20180514$fTESTPROGRAM$fTESTPROGRAM Silver$ivolume level$lmissing volumes$zmissing v.1
=561  \\$aTESTINST1
=852  0\$aTESTINST1$bHDC$ctestprogram-trust$hS930 .A65
=866  30$80$a2(1980)-23:1-2(2001)

