=LDR  00675ny  a22002053n 4500
=001  22943974900003841
=003  TestILS
=004  991015077259703841
=005  20210520081218.10
=007  ta
=008  1405150u\\\\0\\\0001ba\\\0\\\\\\\\\\\\\\
=014  1\$a7218877$bOCoLC
=022  0\$a2164-5124
=035  \\$a(OCoLC)7218877
=035  \\$a(TestILS)c13492639-01asu_inst
=245  00$aNational Catholic Guidance Conference journal.
=561  \\$aCUF
=583  \\$acommitted to retain$c20140515$dDecember 31, 2035$fTESTPROGRAM$fTESTPROGRAM Silver$uhttp://localhost/services/testprogram/docs/TESTPROGRAMProgramStatement.pdf
=583  \\$acompleteness reviewed$c20140515$fTESTPROGRAM$fTESTPROGRAM Silver$ivolume-level
=852  0\$aTESTINST1$bHDC$ctestprogram-trust$hLC461$i.N438
=866  30$80$a9(1964)-15(1971)

