=LDR  00733    a2200217 n 4500
=001  22878168270003841
=003  TestILS
=004  991033914979703841
=005  20210520081218.01
=007  ta
=008  1505220u\\\\0\\\0001ba\\\0\\\\\\\\\\\\\\
=014  1\$a11779805$bOCoLC
=022  \\$a0326-6427
=035  \\$a(OCoLC)11779805
=035  \\$a(TestILS)c13605203-01asu_inst
=245  00$aRevista argentina de estudios estratégicos :$bR.A.E.E.
=561  \\$aTESTINST1
=583  \\$acommitted to retain$c20150522$dDecember 31, 2035$fTESTPROGRAM$fTESTPROGRAM Gold$uhttp://localhost/services/testprogram/docs/TESTPROGRAMProgramStatement.pdf
=583  \\$acompleteness reviewed$c20150522$fTESTPROGRAM$fTESTPROGRAM Gold$iissue-level
=583  \\$acondition reviewed$c20150522$fTESTPROGRAM$fTESTPROGRAM Gold$iissue-level
=852  0\$aTESTINST1$bHDC$ctestprogram-trust
=866  30$80$a1(1984)-18(1998)

