=LDR  00723ny  a22002053n 4500
=001  22951829440003841
=003  TestILS
=004  991011449429703841
=005  20210520081217.71
=007  ta
=008  1605200u\\\\0\\\0001ba\\\0\\\\\\\\\\\\\\
=014  1\$a1443225$bOCoLC
=022  \\$a0028-8535
=035  \\$a(OCoLC)1443225
=035  \\$a(TestILS)c13794383-01asu_inst
=245  04$aThe New Zealand nursing journal.
=561  \\$aTESTINST1
=583  \\$acommitted to retain$c20160520$dDecember 31, 2035$fTESTPROGRAM$fTESTPROGRAM Silver$uhttp://localhost/services/testprogram/docs/TESTPROGRAMProgramStatement.pdf
=583  \\$acompleteness reviewed$c20160520$fTESTPROGRAM$fTESTPROGRAM Silver$ivolume-level$lmissing volumes$zmissing v.22-57;  v.72:7; v.85:7-9; v.86:2
=852  0\$aTESTINST1$bHDC$ctestprogram-trust
=866  30$80$a58(1965)-86(1993)

