=LDR  00787nx  a22001811n 4500
=003  TestILS
=004  991047966649703841
=007  ta
=001  221154736500003841
=008  2104185u\\\\0\\\0000ba\\\0\\\\\\
=005  20210520081217.40
=035  \\$a(OCoLC)1623650
=245  00$aU.S. camera & travel.
=583  \\$acommitted to retain$c20210418$d20351231$fTESTPROGRAM$fTESTPROGRAM Gold$uhttp://localhost/services/testprogram/docs/TESTPROGRAMProgramStatement.pdf
=583  \\$acompleteness reviewed$c20210418$fTESTPROGRAM$fTESTPROGRAM Gold$iissue level$lbinding patterns vary$zIssue v.32:1(1969) bound with later title$lmissing issues$zmissing v.27:2(1964)
=583  \\$acondition reviewed$c20210418$fTESTPROGRAM$fTESTPROGRAM Gold$iissue level$lmissing issues covers$zv.24:1(1964) missing cover
=561  \\$aTESTINST1
=852  0\$aTESTINST1$bHDC$ctestprogram-trust$hTR1$i.U52
=866  30$80$a27(1964)-32, no.1(1969)

