=LDR  00785nx  a22001811n 4500
=003  TestILS
=004  991011706019703841
=007  ta
=001  221065252740003841
=008  1805040u\\\\0\\\0000ba\\\0\\\\\\
=005  20210520081217.87
=022  \\$a0028-7369
=035  \\$a(OCoLC)1760010
=245  00$aNew York.
=583  \\$acommitted to retain$c20180504$dDecember 31, 2035$fTESTPROGRAM$fTESTPROGRAM Silver$uhttp://localhost/services/testprogram/docs/TESTPROGRAMProgramStatement.pdf
=583  \\$acompleteness reviewed$c20180504$fTESTPROGRAM$fTESTPROGRAM Silver$ivolume level$lmissing volumes$zmissing v.4:oct-dec; v.5:apr-jun; v.10:jan-mar; v.11:jan-mar; v.15:43; 19:44,48; v.25:7; v.28:1-2,4; v.29:8,25; v.30:46-50; v.31:1-19,21-22; v.32:46,51-52; v.34:28; 37:47-50;
=561  \\$aTESTINST1
=852  0\$aTESTINST1$bHDC$ctestprogram-trust$hF128.1$i.N4
=866  30$80$a4(1971)-37(2005)

