=LDR  00652nx  a22001931n 4500
=003  TestILS
=004  991030553709703841
=007  ta
=001  221159417990003841
=008  2103030u\\\\0\\\0000ba\\\0\\\\\\
=005  20210520081217.46
=022  \\$a0722-8899
=035  \\$a(OCoLC)8838586
=245  00$aKleist-Jahrbuch :$bim Auftrage des Vorstandes der Heinrich-von-Kleist-Gesellschaft.
=583  \\$acommitted to retain$c20210303$d20351231$fTESTPROGRAM$fTESTPROGRAM Gold$uhttp://localhost/services/testprogram/docs/TESTPROGRAMProgramStatement.pdf
=583  \\$acompleteness reviewed$c20210303$fTESTPROGRAM$fTESTPROGRAM Gold$iissue level
=583  \\$acondition reviewed$c20210303$fTESTPROGRAM$fTESTPROGRAM Gold$iissue level
=561  \\$aTESTINST1
=852  0\$aTESTINST1$bHDC$ctestprogram-trust$hPT2379$i.H347
=866  30$80$a(1980)-(2015)

