=LDR  00810    a2200229 n 4500
=001  22842825640003841
=003  TestILS
=004  991019265099703841
=005  20210520081217.82
=007  ta
=008  1408190u\\\\0\\\0001ba\\\0\\\\\\\\\\\\\\
=014  1\$a3574962$bOCoLC
=022  \\$a0195-4210
=035  \\$a(OCoLC)3574962
=035  \\$a(TestILS)c13502311-01asu_inst
=245  10$aProceedings /$cthe ... Annual Symposium on Computer Application in Medical Care.
=561  \\$aTESTINST1
=561  \\$aCUS
=583  \\$acommitted to retain$c20140819$dDecember 31, 2035$fTESTPROGRAM$fTESTPROGRAM Gold$uhttp://localhost/services/testprogram/docs/TESTPROGRAMProgramStatement.pdf
=583  \\$acompleteness reviewed$c20140819$fTESTPROGRAM$fTESTPROGRAM Gold$iissue-level$lmissing volumes$zmissing no.16, 18
=583  \\$acondition reviewed$c20140819$fTESTPROGRAM$fTESTPROGRAM Gold$iissue-level
=852  0\$aTESTINST1$bHDC$ctestprogram-trust
=866  30$80$ano.1(1977)-15(1991), 17(1993), 19(1995)

