=LDR  00736nx  a22001931n 4500
=003  TestILS
=004  991011507109703841
=007  ta
=001  221132985650003841
=008  1912315u\\\\0\\\0000ba\\\0\\\\\\
=005  20210520081217.45
=022  \\$a0524-5141
=035  \\$a(OCoLC)1537145
=245  00$aProceedings of the British Ceramic Society.
=583  \\$acommitted to retain$c20191231$dDecember 31, 2035$fTESTPROGRAM$fTESTPROGRAM Gold$uhttp://localhost/services/testprogram/docs/TESTPROGRAMProgramStatement.pdf
=583  \\$acompleteness reviewed$c20191231$fTESTPROGRAM$fTESTPROGRAM Gold$iissue level$lmissing issues$zmissing no.1-6, 8-18, 23
=583  \\$acondition reviewed$c20191231$fTESTPROGRAM$fTESTPROGRAM Gold$iissue level
=561  \\$aTESTINST1
=852  0\$aTESTINST1$bHDC$ctestprogram-trust$hTP790$i.B73
=866  30$80$ano.7(1967), 19(1971)-22(1973), 24(1975)-33(1983)

