=LDR  00728ny  a22002053n 4500
=001  22932653640003841
=003  TestILS
=004  991012182739703841
=005  20210520081217.62
=007  ta
=008  1605200u\\\\0\\\0001ba\\\0\\\\\\\\\\\\\\
=014  1\$a30617463$bOCoLC
=022  \\$a1354-5760
=035  \\$a(OCoLC)30617463
=035  \\$a(TestILS)c13832505-01asu_inst
=245  10$aNursing management.
=561  \\$aTESTINST1
=583  \\$acommitted to retain$c20160520$dDecember 31, 2035$fTESTPROGRAM$fTESTPROGRAM Silver$uhttp://localhost/services/testprogram/docs/TESTPROGRAMProgramStatement.pdf
=583  \\$acompleteness reviewed$c20160520$fTESTPROGRAM$fTESTPROGRAM Silver$ivolume-level$lmissing volumes$zmissing v.6:5,7; v.8:5,9-10; v.9-11
=852  0\$aTESTINST1$bHDC$ctestprogram-trust$hRT89$i.S45
=866  30$80$a1(1994)-8(2001)

