=LDR  00673nx  a22001811n 4500
=003  TestILS
=004  991025107209703841
=007  ta
=001  221135121180003841
=008  2001285u\\\\0\\\0000ba\\\0\\\\\\
=005  20210520081217.41
=035  \\$a(OCoLC)6510544
=245  00$aAutograph collectors' journal.
=583  \\$acommitted to retain$c20200128$dDecember 31, 2035$fTESTPROGRAM$fTESTPROGRAM Gold$uhttp://localhost/services/testprogram/docs/TESTPROGRAMProgramStatement.pdf
=583  \\$acompleteness reviewed$c20200128$fTESTPROGRAM$fTESTPROGRAM Gold$iissue level$lreprints$zv.1-5 reprints
=583  \\$acondition reviewed$c20200128$fTESTPROGRAM$fTESTPROGRAM Gold$iissue level
=561  \\$aTESTINST1
=852  0\$aTESTINST1$bHDC$ctestprogram-trust$hZ41.A2$iA925
=866  30$80$a1(1948/1949)-5, no.3(1953)

