=LDR  00666nx  a22001931n 4500
=003  TestILS
=004  991002151969703841
=007  ta
=001  221045713600003841
=008  1711150u\\\\0\\\0000ba\\\0\\\\\\
=005  20210520081217.78
=022  \\$a1051-1776
=035  \\$a(OCoLC)21388009
=245  00$aJapan political research.
=583  \\$acommitted to retain$c20171115$dDecember 31, 2035$fTESTPROGRAM$fTESTPROGRAM Gold$uhttp://localhost/services/testprogram/docs/TESTPROGRAMProgramStatement.pdf
=583  \\$acompleteness reviewed$c20171115$fTESTPROGRAM$fTESTPROGRAM Gold$iissue level
=583  \\$acondition reviewed$c20171115$fTESTPROGRAM$fTESTPROGRAM Gold$iissue level
=561  \\$aTESTINST1
=852  0\$aTESTINST1$bHDC$ctestprogram-trust$hDS 801 .N412x
=866  30$80$a21(1990)-33(2002)

