=LDR  00674ny  a22002053n 4500
=001  22903864840003841
=003  TestILS
=004  991011611409703841
=005  20210520081217.90
=007  ta
=008  1306120u\\\\0\\\0001ba\\\0\\\\\\\\\\\\\\
=014  1\$a8230489$bOCoLC
=022  0\$a0883-2153$l0883-2153
=035  \\$a(OCoLC)8230489
=035  \\$a(TestILS)c13185202-01asu_inst
=245  10$aProceedings /$cthe ... Stapp Car Crash Conference ; conducted by the Institute of Transportation and Traffic Engineering in cooperation with the American Association for Automotive Medicine.
=561  \\$aTESTINST1
=583  \\$acommitted to retain$c20130612$dDecember 31, 2035$fTESTPROGRAM$fTESTPROGRAM Silver$uhttp://localhost/services/testprogram/docs/TESTPROGRAMProgramStatement.pdf
=583  \\$acompleteness reviewed$c20130612$fTESTPROGRAM$fTESTPROGRAM Silver$ivolume-level
=852  0\$aTESTINST1$bHDC$ctestprogram-trust$hTL6$i.S78
=866  30$80$a7(1963)

