=LDR  00774    a2200217 n 4500
=001  22883545410003841
=003  TestILS
=004  991011912979703841
=005  20210520081217.89
=007  ta
=008  1505110u\\\\0\\\0001ba\\\0\\\\\\\\\\\\\\
=014  1\$a2248344$bOCoLC
=022  0\$a0316-2621
=035  \\$a(OCoLC)2248344
=035  \\$a(TestILS)c1359803x-01asu_inst
=245  00$aLivres et auteurs québécois.
=561  \\$aTESTINST1
=583  \\$acommitted to retain$c20150511$dDecember 31, 2035$fTESTPROGRAM$fTESTPROGRAM Gold$uhttp://localhost/services/testprogram/docs/TESTPROGRAMProgramStatement.pdf
=583  \\$acompleteness reviewed$c20150511$fTESTPROGRAM$fTESTPROGRAM Gold$iissue-level$lmissing volumes$zmissing 1972
=583  \\$acondition reviewed$c20150511$fTESTPROGRAM$fTESTPROGRAM Gold$iissue-level
=852  0\$aTESTINST1$bHDC$ctestprogram-trust
=866  30$80$a(1969)-(1971), (1973)-(1982)

