=LDR  00738ny  a22001933n 4500
=001  22871459230003841
=003  TestILS
=004  991011863429703841
=005  20210520081217.38
=007  ta
=008  1310290u\\\\0\\\0001ba\\\0\\\\\\\\\\\\\\
=014  1\$a2060859$bOCoLC
=035  \\$a(OCoLC)2060859
=035  \\$a(TestILS)c13279713-01asu_inst
=245  00$aAMS professional management bulletins.
=561  \\$aTESTINST1
=583  \\$acommitted to retain$c20131029$dDecember 31, 2035$fTESTPROGRAM$fTESTPROGRAM Silver$uhttp://localhost/services/testprogram/docs/TESTPROGRAMProgramStatement.pdf
=583  \\$acompleteness reviewed$c20131029$fTESTPROGRAM$fTESTPROGRAM Silver$ivolume-level$lmissing volumes$zmissing vol. 6 issues 10-11; vol. 10 issues 7-9; vol. 12 issues 3, 9-10
=852  0\$aTESTINST1$bHDC$ctestprogram-trust
=866  30$80$a6, no.8(1966)-13, no.2 (1972)

