=LDR  00816    a2200229 n 4500
=001  22851461880003841
=003  TestILS
=004  991022244049703841
=005  20210520081217.36
=007  ta
=008  1405080u\\\\0\\\0001ba\\\0\\\\\\\\\\\\\\
=014  1\$a30614655$bOCoLC
=022  \\$a1195-8898
=035  \\$a(OCoLC)30614655
=035  \\$a(TestILS)c13402675-01asu_inst
=245  00$aCMOS bulletin /$cCanadian Meteorological and Oceanographic Society = Bulletin SCMO / Société canadienne de météorologie et d'océanographie.
=561  \\$aTESTINST1
=583  \\$acommitted to retain$c20140508$dDecember 31, 2035$fTESTPROGRAM$fTESTPROGRAM Gold$uhttp://localhost/services/testprogram/docs/TESTPROGRAMProgramStatement.pdf
=583  \\$acompleteness reviewed$c20140508$fTESTPROGRAM$fTESTPROGRAM Gold$iissue-level$lReprints$zvol. 26 issue 1 Reprint
=583  \\$acondition reviewed$c20140508$fTESTPROGRAM$fTESTPROGRAM Gold$iissue-level
=852  0\$aTESTINST1$bHDC$ctestprogram-trust
=866  30$80$a22(1994)-33(2005)
=867  30$80$a24(1996), 30(2002)-32(2004)

