=LDR  00785    a2200241 n 4500
=001  22825709550003841
=003  TestILS
=004  991011814469703841
=005  20210520081217.74
=007  ta
=008  1605200u\\\\0\\\0001ba\\\0\\\\\\\\\\\\\\
=014  1\$a1791074$bOCoLC
=022  \\$a0093-8149
=035  \\$a(OCoLC)1791074
=035  \\$a(TestILS)c13794565-01asu_inst
=245  00$aPublic telecommunications review.
=561  \\$aTESTINST1
=561  \\$aIYU
=583  \\$acommitted to retain$c20160520$dDecember 31, 2035$fTESTPROGRAM$fTESTPROGRAM Gold$uhttp://localhost/services/testprogram/docs/TESTPROGRAMProgramStatement.pdf
=583  \\$acompleteness reviewed$c20160520$fTESTPROGRAM$fTESTPROGRAM Gold$iissue-level
=583  \\$acondition reviewed$c20160520$fTESTPROGRAM$fTESTPROGRAM Gold$iissue-level
=852  0\$aTESTINST1$bHDC$ctestprogram-trust
=866  30$80$a1(1973)-8(1980)
=868  30$80$a1(1973)-7(1979)

