=LDR  00703nx  a22001931n 4500
=003  TestILS
=004  991011630799703841
=007  ta
=001  221154736450003841
=008  2103315u\\\\0\\\0000ba\\\0\\\\\\
=005  20210520081217.91
=022  \\$a0041-9923
=035  \\$a(OCoLC)1645197
=245  10$aUniversity of Portland review.
=583  \\$acommitted to retain$c20210331$d20351231$fTESTPROGRAM$fTESTPROGRAM Gold$uhttp://localhost/services/testprogram/docs/TESTPROGRAMProgramStatement.pdf
=583  \\$acompleteness reviewed$c20210331$fTESTPROGRAM$fTESTPROGRAM Gold$iissue level$lmissing issues$zmissing v.1(1948)-20(1968)
=583  \\$acondition reviewed$c20210331$fTESTPROGRAM$fTESTPROGRAM Gold$iissue level
=561  \\$aTESTINST1
=852  0\$aTESTINST1$bHDC$ctestprogram-trust$hAS36$i.P86
=866  30$80$a21(1969)-41, no.1(1989)

