=LDR  00697ny  a22002053n 4500
=001  22854520020003841
=003  TestILS
=004  991011843829703841
=005  20210520081217.37
=007  ta
=008  1410080u\\\\0\\\0001ba\\\0\\\\\\\\\\\\\\
=014  1\$a1856161$bOCoLC
=022  \\$a0008-4115
=035  \\$a(OCoLC)1856161
=035  \\$a(TestILS)c13546946-01asu_inst
=245  00$aCanadian journal of history of sport and physical education.
=561  \\$aTESTINST1
=583  \\$acommitted to retain$c20141008$dDecember 31, 2035$fTESTPROGRAM$fTESTPROGRAM Silver$uhttp://localhost/services/testprogram/docs/TESTPROGRAMProgramStatement.pdf
=583  \\$acompleteness reviewed$c20141008$fTESTPROGRAM$fTESTPROGRAM Silver$ivolume-level$lmissing volumes$zmissing vols. 1-8
=852  0\$aTESTINST1$bHDC$ctestprogram-trust
=866  30$80$a9(1978)-11(1980)

