=LDR  00674nx  a22001931n 4500
=003  TestILS
=004  991044106579703841
=007  ta
=001  221132358500003841
=008  1912315u\\\\0\\\0000ba\\\0\\\\\\
=005  20210520081217.51
=022  \\$a1475-1488
=035  \\$a(OCoLC)40107295
=245  00$aAdvances in accounting behavioral research.
=583  \\$acommitted to retain$c20191231$dDecember 31, 2035$fTESTPROGRAM$fTESTPROGRAM Gold$uhttp://localhost/services/testprogram/docs/TESTPROGRAMProgramStatement.pdf
=583  \\$acompleteness reviewed$c20191231$fTESTPROGRAM$fTESTPROGRAM Gold$iissue level
=583  \\$acondition reviewed$c20191231$fTESTPROGRAM$fTESTPROGRAM Gold$iissue level
=561  \\$aTESTINST1
=852  0\$aTESTINST1$bHDC$ctestprogram-trust$hHF5630$i.A46
=866  30$80$a1(1998), 6(2003), 10(2007)

