=LDR  00664ny  a22002053n 4500
=001  22887823710003841
=003  TestILS
=004  991046339069703841
=005  20210520081217.73
=007  ta
=008  1605010u\\\\0\\\0001ba\\\0\\\\\\\\\\\\\\
=014  1\$a49717001$bOCoLC
=022  \\$a0741-3653
=035  \\$a(OCoLC)49717001
=035  \\$a(TestILS)c13792787-01asu_inst
=245  00$aJournal of school public relations.
=561  \\$aTESTINST1
=583  \\$acommitted to retain$c20160501$dDecember 31, 2035$fTESTPROGRAM$fTESTPROGRAM Silver$uhttp://localhost/services/testprogram/docs/TESTPROGRAMProgramStatement.pdf
=583  \\$acompleteness reviewed$c20160501$fTESTPROGRAM$fTESTPROGRAM Silver$ivolume-level
=852  0\$aTESTINST1$bHDC$ctestprogram-trust
=866  30$80$a23(2002)-26(2005)

