=LDR  00718ny  a22002053n 4500
=001  22903708830003841
=003  TestILS
=004  991028887189703841
=005  20210520081217.81
=007  ta
=008  1705080u\\\\0\\\0001ba\\\0\\\\\\\\\\\\\\
=014  1\$a8049660$bOCoLC
=022  0\$a0730-7004
=035  \\$a(OCoLC)8049660
=035  \\$a(TestILS)c14147841-01asu_inst
=245  10$aAmerican health.
=561  \\$aTESTINST1
=583  \\$acommitted to retain$c20170508$dDecember 31, 2035$fTESTPROGRAM$fTESTPROGRAM Silver$uhttp://localhost/services/testprogram/docs/TESTPROGRAMProgramStatement.pdf
=583  \\$acompleteness reviewed$c20170508$fTESTPROGRAM$fTESTPROGRAM Silver$ivolume-level$lmissing volumes$zmissing v.10:1-2; v.11:5; v.13:4
=852  0\$aTESTINST1$bHDC$ctestprogram-trust
=866  30$80$a1(1982)-15, no.9(1996)

