=LDR  00732    a2200205 n 4500
=001  22825206120003841
=003  TestILS
=004  991033896009703841
=005  20210520081218.01
=007  ta
=008  1605200u\\\\0\\\0001ba\\\0\\\\\\\\\\\\\\
=014  1\$a11274785$bOCoLC
=035  \\$a(OCoLC)11274785
=035  \\$a(TestILS)c13831495-01asu_inst
=245  00$aOpenbare financiën.
=561  \\$aORZ
=583  \\$acommitted to retain$c20160520$dDecember 31, 2035$fTESTPROGRAM$fTESTPROGRAM Gold$uhttp://localhost/services/testprogram/docs/TESTPROGRAMProgramStatement.pdf
=583  \\$acompleteness reviewed$c20160520$fTESTPROGRAM$fTESTPROGRAM Gold$iissue-level
=583  \\$acondition reviewed$c20160520$fTESTPROGRAM$fTESTPROGRAM Gold$iissue-level$lReprints$zv.1-4 Reprints
=852  0\$aTESTINST1$bHDC$ctestprogram-trust
=866  30$80$a1(1946)-4(1949)

