=LDR  00521ny  a22001693n 4500
=003  TestILS
=004  991041567539703841
=005  20210520081217.59
=001  221098637460003841
=007  ta
=008  1901110u\\\\0\\\0001aa\\\0\\\\\\\\\\\\\8
=022  \\$a1941-5516
=035  \\$a(OCoLC)212154162
=245  00$aJournal of Daoist studies.
=561  \\$aTESTINST1
=583  \\$acommitted to retain$c20190111$dDecember 31, 2035$fTESTPROGRAM$fTESTPROGRAM Bronze$uhttp://localhost/services/testprogram/docs/TESTPROGRAMProgramStatement.pdf
=852  0\$aTESTINST1$bHDC$ctestprogram-trust$hBL1899$i.J68
=866  30$80$a1(2008)-8(2015)

