=LDR  00825    a2200229 n 4500
=001  22914357190003841
=003  TestILS
=004  991016512749703841
=005  20210520081218.10
=007  ta
=008  1312160u\\\\0\\\0001ba\\\0\\\\\\\\\\\\\\
=014  1\$a2885227$bOCoLC
=035  \\$a(OCoLC)2885227
=035  \\$a(TestILS)c13302759-01asu_inst
=245  00$aNational norms for entering college freshmen.
=561  \\$aTESTINST1
=561  \\$aORZ
=583  \\$acommitted to retain$c20131216$dDecember 31, 2035$fTESTPROGRAM$fTESTPROGRAM Gold$uhttp://localhost/services/testprogram/docs/TESTPROGRAMProgramStatement.pdf
=583  \\$acompleteness reviewed$c20131216$fTESTPROGRAM$fTESTPROGRAM Gold$iissue-level$lmissing volumes$zmissing vols. 1967$lmissing issues$zmissing 1967 no.1, 4-6
=583  \\$acondition reviewed$c20131216$fTESTPROGRAM$fTESTPROGRAM Gold$iissue-level
=852  0\$aTESTINST1$bHDC$ctestprogram-trust
=866  30$80$a(1967)-(1970)
=867  30$80$a(1967)

