=LDR  00700ny  a22002053n 4500
=001  22862505920003841
=003  TestILS
=004  991018833679703841
=005  20210520081217.71
=007  ta
=008  1505220u\\\\0\\\0001ba\\\0\\\\\\\\\\\\\\
=014  1\$a3746707$bOCoLC
=022  0\$a0276-122X
=035  \\$a(OCoLC)3746707
=035  \\$a(TestILS)c13605057-01asu_inst
=245  00$aBest's insurance news.
=561  \\$aTESTINST1
=583  \\$acommitted to retain$c20150522$dDecember 31, 2035$fTESTPROGRAM$fTESTPROGRAM Silver$uhttp://localhost/services/testprogram/docs/TESTPROGRAMProgramStatement.pdf
=583  \\$acompleteness reviewed$c20150522$fTESTPROGRAM$fTESTPROGRAM Silver$ivolume-level$lmissing volumes$zmissing vols. 39-59
=852  0\$aTESTINST1$bHDC$ctestprogram-trust
=866  30$80$a60(1959)-68(1967)

