=LDR  00798ny  a22002053n 4500
=001  22821988380003841
=003  TestILS
=004  991011545729703841
=005  20210520081217.95
=007  ta
=008  1306110u\\\\0\\\0001ba\\\0\\\\\\\\\\\\\\
=014  1\$a1567608$bOCoLC
=022  \\$a1555-4023
=035  \\$a(OCoLC)1567608
=035  \\$a(TestILS)c13184477-01asu_inst
=245  10$aEducational research bulletin :$borgan of the College of Education.
=561  \\$aTESTINST1
=583  \\$acommitted to retain$c20130611$dDecember 31, 2035$fTESTPROGRAM$fTESTPROGRAM Silver$uhttp://localhost/services/testprogram/docs/TESTPROGRAMProgramStatement.pdf
=583  \\$acompleteness reviewed$c20130611$fTESTPROGRAM$fTESTPROGRAM Silver$ivolume-level$lbinding patterns vary$zfor vols. 1-4, 11-12, 15-18, 24-35 two volumes bound together as single piece$lReprints$zvols. 14 & 21 Reprints
=852  0\$aTESTINST1$bHDC$ctestprogram-trust
=866  30$80$a1(1922)-40(1961)

