=LDR  00693nx  a22001811n 4500
=003  TestILS
=004  991011554559703841
=007  ta
=001  221064213710003841
=008  1804230u\\\\0\\\0000ba\\\0\\\\\\
=005  20210520081218.05
=022  \\$a0014-9187
=035  \\$a(OCoLC)1569030
=245  10$aReview /$cFederal Reserve Bank of St. Louis.
=583  \\$acommitted to retain$c20180423$dDecember 31, 2035$fTESTPROGRAM$fTESTPROGRAM Silver$uhttp://localhost/services/testprogram/docs/TESTPROGRAMProgramStatement.pdf
=583  \\$acompleteness reviewed$c20180423$fTESTPROGRAM$fTESTPROGRAM Silver$ivolume level$lmissing volumes$lmissing v.44; v.48-68; v.75-77; v.78:2-6; v.79-87
=561  \\$aTESTINST1
=852  0\$aTESTINST1$bHDC$ctestprogram-trust$hHC107.A15$iA33
=866  30$80$a45(1963)-47(1965), 69(1987)-74(1992), 78(1996)

