=LDR  00802    a2200241 n 4500
=001  22943374110003841
=003  TestILS
=004  991016535279703841
=005  20210520081218.18
=007  ta
=008  1505010u\\\\0\\\0001ba\\\0\\\\\\\\\\\\\\
=014  1\$a3170159$bOCoLC
=022  \\$a0147-4243
=035  \\$a(OCoLC)3170159
=035  \\$a(TestILS)c13596184-01asu_inst
=245  00$aEconomic analysis of North American ski areas.
=561  \\$aTESTINST1
=561  \\$aNTD
=561  \\$aWYU
=583  \\$acommitted to retain$c20150501$dDecember 31, 2035$fTESTPROGRAM$fTESTPROGRAM Gold$uhttp://localhost/services/testprogram/docs/TESTPROGRAMProgramStatement.pdf
=583  \\$acompleteness reviewed$c20150501$fTESTPROGRAM$fTESTPROGRAM Gold$iissue-level$lmissing volumes$zmissing 1982/83
=583  \\$acondition reviewed$c20150501$fTESTPROGRAM$fTESTPROGRAM Gold$iissue-level
=852  0\$aTESTINST1$bHDC$ctestprogram-trust
=866  30$80$a(1974)-(1990)

