=LDR  00705nx  a22001931n 4500
=003  TestILS
=004  991019790989703841
=007  ta
=001  221126309600003841
=008  1908165u\\\\0\\\0000ba\\\0\\\\\\
=005  20210520081217.82
=022  \\$a0160-8703
=035  \\$a(OCoLC)3772973
=245  00$aLiterary onomastics studies.
=583  \\$acommitted to retain$c20190823$dDecember 31, 2035$fTESTPROGRAM$fTESTPROGRAM Gold$uhttp://localhost/services/testprogram/docs/TESTPROGRAMProgramStatement.pdf
=583  \\$acompleteness reviewed$c20190823$fTESTPROGRAM$fTESTPROGRAM Gold$iissue level$lmissing issues$z1(1974)-4(1977) missing
=583  \\$acondition reviewed$c20190823$fTESTPROGRAM$fTESTPROGRAM Gold$iissue level
=561  \\$aTESTINST1
=852  0\$aTESTINST1$bHDC$ctestprogram-trust$hPN56.N16$iL58
=866  30$80$a5(1978)-16(1989)

