=LDR  00627nx  a22001811n 4500
=003  TestILS
=004  991023481129703841
=007  ta
=001  221154737310003841
=008  2103185u\\\\0\\\0000ba\\\0\\\\\\
=005  20210520081217.77
=035  \\$a(OCoLC)24156718
=245  10$aQuarterly review of literature.$pPoetry series.
=583  \\$acommitted to retain$c20210318$d20351231$fTESTPROGRAM$fTESTPROGRAM Gold$uhttp://localhost/services/testprogram/docs/TESTPROGRAMProgramStatement.pdf
=583  \\$acompleteness reviewed$c20210318$fTESTPROGRAM$fTESTPROGRAM Gold$iissue level
=583  \\$acondition reviewed$c20210318$fTESTPROGRAM$fTESTPROGRAM Gold$iissue level
=561  \\$aTESTINST1
=852  0\$aTESTINST1$bHDC$ctestprogram-trust$hAP2$i.Q29
=866  30$80$a30(1991)-34(1995)

