=LDR  00649nx  a22001811n 4500
=003  TestILS
=004  991028917909703841
=007  ta
=001  221067284070003841
=008  1805140u\\\\0\\\0000ba\\\0\\\\\\
=005  20210520081218.20
=022  \\$a0210-4903
=035  \\$a(OCoLC)8518238
=245  00$aMiscelánea medieval murciana.
=583  \\$acommitted to retain$c20180514$dDecember 31, 2035$fTESTPROGRAM$fTESTPROGRAM Silver$uhttp://localhost/services/testprogram/docs/TESTPROGRAMProgramStatement.pdf
=583  \\$acompleteness reviewed$c20180514$fTESTPROGRAM$fTESTPROGRAM Silver$ivolume level$lmissing volumes$zmissing v.1; v.12
=561  \\$aTESTINST1
=852  0\$aTESTINST1$bHDC$ctestprogram-trust$hDP302.M8$iM58
=866  30$80$a2(1976)-11(1984), 13(1986)-30(2006)

