=LDR  00817    a2200217 n 4500
=001  22955813620003841
=003  TestILS
=004  991020840989703841
=005  20210520081217.84
=007  ta
=008  1605200u\\\\0\\\0001ba\\\0\\\\\\\\\\\\\\
=014  1\$a4564048$bOCoLC
=022  0\$a0164-534X
=035  \\$a(OCoLC)4564048
=035  \\$a(TestILS)c13794504-01asu_inst
=245  00$aCause/effect.
=561  \\$aTESTINST1
=583  \\$acommitted to retain$c20160520$dDecember 31, 2035$fTESTPROGRAM$fTESTPROGRAM Gold$uhttp://localhost/services/testprogram/docs/TESTPROGRAMProgramStatement.pdf
=583  \\$acompleteness reviewed$c20160520$fTESTPROGRAM$fTESTPROGRAM Gold$iissue-level$lmissing volumes$zmissing v.3-6
=583  \\$acondition reviewed$c20160520$fTESTPROGRAM$fTESTPROGRAM Gold$iissue-level$ltight binding$zv.9-10 tight binding
=852  0\$aTESTINST1$bHDC$ctestprogram-trust
=866  30$80$a1(1978)-2(1979), 7(1984)-22(1999)

