=LDR  00649nx  a22001931n 4500
=003  TestILS
=004  991011809679703841
=007  ta
=001  221171326830003841
=008  2105160u\\\\0\\\0000ba\\\0\\\\\\
=005  20210520081217.98
=022  \\$a0092-7392
=035  \\$a(OCoLC)1788450
=245  00$aIndex to the contemporary scene.
=583  \\$acommitted to retain$c20210514$d20351231$fTESTPROGRAM$fTESTPROGRAM Gold$uhttp://localhost/services/testprogram/docs/TESTPROGRAMProgramStatement.pdf
=583  \\$acompleteness reviewed$c20210514$fTESTPROGRAM$fTESTPROGRAM Gold$iissue level
=583  \\$acondition reviewed$c20210514$fTESTPROGRAM$fTESTPROGRAM Gold$iissue level
=561  \\$aTESTINST1
=852  0\$aTESTINST1$bHDC$ctestprogram-trust$hH1$i.I3x
=866  30$80$a1(1973)-2(1975)

