=LDR  00654nx  a22001811n 4500
=003  TestILS
=004  991047748089703841
=007  ta
=001  221133695290003841
=008  1912315u\\\\0\\\0000ba\\\0\\\\\\
=005  20210520081217.40
=035  \\$a(OCoLC)55117751
=245  10$aDepository and lending institutions :$bbanks and savings institutions, credit unions, finance companies and mortgage companies.
=583  \\$acommitted to retain$c20191231$dDecember 31, 2035$fTESTPROGRAM$fTESTPROGRAM Gold$uhttp://localhost/services/testprogram/docs/TESTPROGRAMProgramStatement.pdf
=583  \\$acompleteness reviewed$c20191231$fTESTPROGRAM$fTESTPROGRAM Gold$iissue level
=583  \\$acondition reviewed$c20191231$fTESTPROGRAM$fTESTPROGRAM Gold$iissue level
=561  \\$aTESTINST1
=852  0\$aTESTINST1$bHDC$ctestprogram-trust$hHG1707.5$i.A442x
=866  30$80$a(2004)-(2005), (2007)-(2008)

