=LDR  00864ny  a22002413n 4500
=001  22934454170003841
=003  TestILS
=004  991011532339703841
=005  20210520081217.94
=007  ta
=008  1505220u\\\\0\\\0001ba\\\0\\\\\\\\\\\\\\
=014  1\$a1565203$bOCoLC
=022  \\$a0010-9312
=030  \\$aCORRAK
=035  \\$a(OCoLC)1565203
=035  \\$a(TestILS)c13605148-01asu_inst
=245  00$aCorrosion.
=561  \\$aTESTINST1
=583  \\$acommitted to retain$c20150522$dDecember 31, 2035$fTESTPROGRAM$fTESTPROGRAM Silver$uhttp://localhost/services/testprogram/docs/TESTPROGRAMProgramStatement.pdf
=583  \\$acompleteness reviewed$c20150522$fTESTPROGRAM$fTESTPROGRAM Silver$ivolume-level$lmissing volumes$zmissing vols. 11-13$lReprints$zv.1-6 Reprints
=852  0\$aTESTINST1$bHDC$ctestprogram-trust$hTA462$i.C65
=866  30$80$a1(1945)-10(1954), 14(1958)-61(2005)
=867  30$80$a9(1953), 58(2002) & 60(2004)
=868  30$80$a1(1945)-10(1954)

