=LDR  00777ny  a22002293n 4500
=001  22850277210003841
=003  TestILS
=004  991011838969703841
=005  20210520081217.37
=007  ta
=008  1206290u\\\\0\\\0001ba\\\0\\\\\\\\\\\\\\
=014  1\$a1800234$bOCoLC
=022  0\$a0022-2372$l0022-2372
=030  \\$aJOMAAL
=035  \\$a(OCoLC)1800234
=035  \\$a(TestILS)c12807709-01asu_inst
=245  00$aJournal of mammalogy.
=561  \\$aTESTINST1
=583  \\$acommitted to retain$c20120629$dDecember 31, 2035$fTESTPROGRAM$fTESTPROGRAM Silver$uhttp://localhost/services/testprogram/docs/TESTPROGRAMProgramStatement.pdf
=583  \\$acompleteness reviewed$c20120629$fTESTPROGRAM$fTESTPROGRAM Silver$ivolume-level$lreprints$zv.1-3 and v.5 Reprints
=852  0\$aTESTINST1$bHDC$ctestprogram-trust$hQL700$i.J6
=866  30$80$a1(1919)-86(2005)
=868  30$80$a1(1919)-80(1999)

