=LDR  00827nx  a22001931n 4500
=003  TestILS
=004  991011614059703841
=007  ta
=001  221147849490003841
=008  2006255u\\\\0\\\0000ba\\\0\\\\\\
=005  20210520081217.90
=022  \\$a0134-837X
=035  \\$a(OCoLC)1640907
=245  10$6880-03$aKniga /$cVsesoi︠u︡znai︠a︡ knizhnai︠a︡ palata.
=583  \\$acommitted to retain$c20200630$dDecember 31, 2035$fTESTPROGRAM$fTESTPROGRAM Gold$uhttp://localhost/services/testprogram/docs/TESTPROGRAMProgramStatement.pdf
=583  \\$acompleteness reviewed$c20200630$fTESTPROGRAM$fTESTPROGRAM Gold$iissue level$lmissing issues$zmissing issue no. 3, 5, 7, 10, 29-30, 61-78, 80, 82+
=583  \\$acondition reviewed$c20200630$fTESTPROGRAM$fTESTPROGRAM Gold$iissue level
=561  \\$aTESTINST1
=852  0\$aTESTINST1$bHDC$ctestprogram-trust$hZ8 .R9$iK6
=866  30$80$ano. 1(1959)-2(1960), 4(1961), 6(1962), 8(1963)-9(1964), 11(1965)-28(1974), 31(1975)-60(1990), 79(2001), 81(2003)

