=LDR  00703nx  a22001811n 4500
=003  TestILS
=004  991005906789703841
=007  ta
=001  221058860680003841
=008  1803070u\\\\0\\\0000ba\\\0\\\\\\
=005  20210520081218.17
=022  \\$a0006-4165
=035  \\$a(OCoLC)832966
=245  00$aBlack enterprise.
=583  \\$acommitted to retain$c20180406$dDecember 31, 2035$fTESTPROGRAM$fTESTPROGRAM Silver$uhttp://localhost/services/testprogram/docs/TESTPROGRAMProgramStatement.pdf
=583  \\$acompleteness reviewed$c20180406$fTESTPROGRAM$fTESTPROGRAM Silver$ivolume level$lmissing volumes$zmissing v.1:2-5,7-8; v.4-11; v.14:1; v.20:5; v.23:9
=561  \\$aTESTINST1
=852  0\$aTESTINST1$bHDC$ctestprogram-trust$hE185.8.A1$iB59x
=866  30$80$a1(1970/1971)-3(1972/1973), 12(1981/1982)-36(2005/2006)

