=LDR  00658nx  a22001931n 4500
=003  TestILS
=004  991011692699703841
=007  ta
=001  221159187140003841
=008  2103035u\\\\0\\\0000ba\\\0\\\\\\
=005  20210520081218.13
=022  \\$a0065-3985
=035  \\$a(OCoLC)1756119
=245  00$aAfrican language studies.
=583  \\$acommitted to retain$c20210303$d20351231$fTESTPROGRAM$fTESTPROGRAM Gold$uhttp://localhost/services/testprogram/docs/TESTPROGRAMProgramStatement.pdf
=583  \\$acompleteness reviewed$c20210303$fTESTPROGRAM$fTESTPROGRAM Gold$iissue level
=583  \\$acondition reviewed$c20210303$fTESTPROGRAM$fTESTPROGRAM Gold$iissue level
=561  \\$aTESTINST1
=852  0\$aTESTINST1$bHDC$ctestprogram-trust$hPL8003$i.A34
=866  30$80$ano. 1(1960)-17(1980)

