=LDR  00656nx  a22001931n 4500
=003  TestILS
=004  991032290069703841
=007  ta
=001  221147858690003841
=008  2006305u\\\\0\\\0000ba\\\0\\\\\\
=005  20210520081217.58
=022  \\$a0739-8476
=035  \\$a(OCoLC)9832274
=245  00$aMacRae's industrial directory Arizona, New Mexico.
=583  \\$acommitted to retain$c20200630$dDecember 31, 2035$fTESTPROGRAM$fTESTPROGRAM Gold$uhttp://localhost/services/testprogram/docs/TESTPROGRAMProgramStatement.pdf
=583  \\$acompleteness reviewed$c20200630$fTESTPROGRAM$fTESTPROGRAM Gold$iissue level
=583  \\$acondition reviewed$c20200630$fTESTPROGRAM$fTESTPROGRAM Gold$iissue level
=561  \\$aTESTINST1
=852  0\$aTESTINST1$bHDC$ctestprogram-trust$hHD9727.A6$iM33x
=866  30$80$a(1984)

