=LDR  00762    a2200217 n 4500
=001  22947585840003841
=003  TestILS
=004  991013674759703841
=005  20210520081217.62
=007  ta
=008  1404090u\\\\0\\\0001ba\\\0\\\\\\\\\\\\\\
=014  1\$a20150467$bOCoLC
=022  0\$a1045-8875$l1045-8875
=035  \\$a(OCoLC)20150467
=035  \\$a(TestILS)c13380977-01asu_inst
=245  00$aTQS news :$ba contemporary newsletter of eclectic Chicano thought.
=561  \\$aCUV
=583  \\$acommitted to retain$c20140409$dDecember 31, 2035$fTESTPROGRAM$fTESTPROGRAM Gold$uhttp://localhost/services/testprogram/docs/TESTPROGRAMProgramStatement.pdf
=583  \\$acompleteness reviewed$c20140409$fTESTPROGRAM$fTESTPROGRAM Gold$iissue-level
=583  \\$acondition reviewed$c20140409$fTESTPROGRAM$fTESTPROGRAM Gold$iissue-level
=852  0\$aTESTINST1$bHDC$ctestprogram-trust$hPS508.M4$iG8713x
=866  30$80$a6(1989)-13(1996)

