=LDR  00683nx  a22001811n 4500
=003  TestILS
=004  991011698139703841
=007  ta
=001  221067245580003841
=008  1805140u\\\\0\\\0000ba\\\0\\\\\\
=005  20210520081217.86
=022  \\$a0097-6903
=035  \\$a(OCoLC)1757483
=245  00$aMilk plant monthly.
=583  \\$acommitted to retain$c20180514$dDecember 31, 2035$fTESTPROGRAM$fTESTPROGRAM Silver$uhttp://localhost/services/testprogram/docs/TESTPROGRAMProgramStatement.pdf
=583  \\$acompleteness reviewed$c20180514$fTESTPROGRAM$fTESTPROGRAM Silver$ivolume level$lmissing volumes$zmissing v.1-17; v.18:3,6; v.20:3-4; v.21:4-6; v.22-41
=561  \\$aTESTINST1
=852  0\$aTESTINST1$bHDC$ctestprogram-trust$hSF247 .M5X
=866  30$80$a18(1929)-21(1932), 42(1953)-47(1958)

