=LDR  00661nx  a22001811n 4500
=003  TestILS
=004  991028927029703841
=007  ta
=001  221157486290003841
=008  2012020u\\\\0\\\0000ba\\\0\\\\\\
=005  20210520081218.20
=022  \\$a0260-9770
=035  \\$a(OCoLC)8673922
=245  00$aMulticultural education abstracts.
=583  \\$acommitted to retain$c20201202$dDecember 31, 2035$fTESTPROGRAM$fTESTPROGRAM Silver$uhttp://localhost/services/testprogram/docs/TESTPROGRAMProgramStatement.pdf
=583  \\$acompleteness reviewed$c20201202$fTESTPROGRAM$fTESTPROGRAM Silver$ivolume level$lmissing volumes$zmissing v.1(1982)-4(1985), v.31(2012) and after
=561  \\$aTESTINST1
=852  0\$aTESTINST1$bHDC$ctestprogram-trust$hLC1099$i.M828x
=866  30$80$a5(1986)-30(2011)

