=LDR  01053    a2200229 n 4500
=001  22830005730003841
=003  TestILS
=004  991008748099703841
=005  20210520081217.53
=007  ta
=008  1605090u\\\\0\\\0001ba\\\0\\\\\\\\\\\\\\
=014  1\$a1116815$bOCoLC
=022  \\$a0065-9452
=035  \\$a(OCoLC)1116815
=035  \\$a(TestILS)c13793986-01asu_inst
=245  00$aAnthropological papers of the American Museum of Natural History.
=561  \\$aTESTINST1
=561  \\$aORE
=583  \\$acommitted to retain$c20160509$dDecember 31, 2035$fTESTPROGRAM$fTESTPROGRAM Gold$uhttp://localhost/services/testprogram/docs/TESTPROGRAMProgramStatement.pdf
=583  \\$acompleteness reviewed$c20160509$fTESTPROGRAM$fTESTPROGRAM Gold$ivolume-level$lmissing volumes$zv.38, v.59$iissue-level$lmissing issues$zmissing v.39:1; v.65:2$lReprint$zv.24 reprint
=583  \\$acondition reviewed$c20160509$fTESTPROGRAM$fTESTPROGRAM Gold$iissue-level$lmarginalia$zv.11; v.31:2; v.34-35; v.37; v.42-45; v.49; v.50-51 marginalia$lloose pages$zv.11; 12:4; v.19 loose pages; v.11; 31:2 losing cover
=852  0\$aTESTINST1$bHDC$ctestprogram-trust$hGN2$i.A27
=866  30$80$a1(1907)-58(1983), 60(1985)-66(1988); no.67(1989)-85(2002)

