=LDR  00555    a2200181 n 4500
=001  22893579280003841
=003  TestILS
=004  991014053769703841
=005  20210520081217.63
=007  ta
=008  1505290u\\\\0\\\0001ba\\\0\\\\\\\\\\\\\\
=014  1\$a2268416$bOCoLC
=035  \\$a(OCoLC)2268416
=035  \\$a(TestILS)c1360692x-01asu_inst
=245  00$aChildren in contemporary society.
=561  \\$aTESTINST1
=583  \\$acommitted to retain$c20130614$dDecember 31, 2035$fTESTPROGRAM$fTESTPROGRAM Bronze$uhttp://localhost/services/testprogram/docs/TESTPROGRAMProgramStatement.pdf
=852  0\$aTESTINST1$bHDC$ctestprogram-trust
=866  30$80$a11(1977)-12(1978)

