=LDR  00651nx  a22001931n 4500
=003  TestILS
=004  991020868449703841
=007  ta
=001  221162188900003841
=008  2103245u\\\\0\\\0000ba\\\0\\\\\\
=005  20210520081217.85
=022  \\$a0190-3373
=035  \\$a(OCoLC)4818564
=245  00$aAnthropological literature.
=583  \\$acommitted to retain$c20210324$d20351231$fTESTPROGRAM$fTESTPROGRAM Gold$uhttp://localhost/services/testprogram/docs/TESTPROGRAMProgramStatement.pdf
=583  \\$acompleteness reviewed$c20210324$fTESTPROGRAM$fTESTPROGRAM Gold$iissue level
=583  \\$acondition reviewed$c20210324$fTESTPROGRAM$fTESTPROGRAM Gold$iissue level
=561  \\$aTESTINST1
=852  0\$aTESTINST1$bHDC$ctestprogram-trust$hGN1$i.A64x
=866  30$80$a1(1979)-5(1983)

