=LDR  00735ny  a22002173n 4500
=001  22888298770003841
=003  TestILS
=004  991007530829703841
=005  20210520081217.49
=007  ta
=008  1305220u\\\\0\\\0001ba\\\0\\\\\\\\\\\\\\
=014  1\$a26141853$bOCoLC
=022  0\$a1063-7737
=030  \\$aALETEO
=035  \\$a(OCoLC)26141853
=035  \\$a(TestILS)c13180666-01asu_inst
=245  10$aAstronomy letters.
=561  \\$aTESTINST1
=583  \\$acommitted to retain$c20130522$dDecember 31, 2035$fTESTPROGRAM$fTESTPROGRAM Silver$uhttp://localhost/services/testprogram/docs/TESTPROGRAMProgramStatement.pdf
=583  \\$acompleteness reviewed$c20130522$fTESTPROGRAM$fTESTPROGRAM Silver$ivolume-level$lmissing volumes$zmissing vols. 34 issues 1,4-5
=852  0\$aTESTINST1$bHDC$ctestprogram-trust
=866  30$80$a19(1993)-31(2005)

