=LDR  00705ny  a22002053n 4500
=001  22824138120003841
=003  TestILS
=004  991033889699703841
=005  20210520081218.00
=007  ta
=008  1404160u\\\\0\\\0001ba\\\0\\\\\\\\\\\\\\
=014  1\$a11093084$bOCoLC
=022  0\$a8755-0504
=035  \\$a(OCoLC)11093084
=035  \\$a(TestILS)c13382202-01asu_inst
=245  04$aThe Journal of language for international business.
=561  \\$aTESTINST1
=583  \\$acommitted to retain$c20140416$dDecember 31, 2035$fTESTPROGRAM$fTESTPROGRAM Silver$uhttp://localhost/services/testprogram/docs/TESTPROGRAMProgramStatement.pdf
=583  \\$acompleteness reviewed$c20140416$fTESTPROGRAM$fTESTPROGRAM Silver$ivolume-level$lmissing volumes$zmissing vol. 12 issue 2
=852  0\$aTESTINST1$bHDC$ctestprogram-trust
=866  30$80$a1(1984)-16(2005)

