=LDR  00661nx  a22001931n 4500
=003  TestILS
=004  991020100099703841
=007  ta
=001  221068529330003841
=008  1805165u\\\\0\\\0000ba\\\0\\\\\\
=005  20210520081217.82
=022  \\$a0360-8670
=035  \\$a(OCoLC)2244923
=245  00$aAviation quarterly.
=583  \\$acommitted to retain$c20180523$dDecember 31, 2035$fTESTPROGRAM$fTESTPROGRAM Gold$uhttp://localhost/services/testprogram/docs/TESTPROGRAMProgramStatement.pdf
=583  \\$acompleteness reviewed$c20180523$fTESTPROGRAM$fTESTPROGRAM Gold$iissue level
=583  \\$acondition reviewed$c20180523$fTESTPROGRAM$fTESTPROGRAM Gold$iissue level
=561  \\$aTESTINST1
=852  0\$aTESTINST1$bHDC$ctestprogram-trust$hTL501 .A98
=866  30$80$a1(1974), 7(1981)

