=LDR  00823    a2200241 n 4500
=001  22886957630003841
=003  TestILS
=004  991011930109703841
=005  20210520081217.62
=007  ta
=008  1505110u\\\\0\\\0001ba\\\0\\\\\\\\\\\\\\
=014  1\$a2260803$bOCoLC
=022  0\$a0367-0325
=035  \\$a(OCoLC)2260803
=035  \\$a(TestILS)c13598053-01asu_inst
=245  00$aErgebnisse der exakten Naturwissenschaften /$cherausgegeben von der Schriftleitung der Naturwissenschaften.
=561  \\$aTESTINST1
=561  \\$aCUZ
=561  \\$aORE
=583  \\$acommitted to retain$c20150511$dDecember 31, 2035$fTESTPROGRAM$fTESTPROGRAM Gold$uhttp://localhost/services/testprogram/docs/TESTPROGRAMProgramStatement.pdf
=583  \\$acompleteness reviewed$c20150511$fTESTPROGRAM$fTESTPROGRAM Gold$iissue-level
=583  \\$acondition reviewed$c20150511$fTESTPROGRAM$fTESTPROGRAM Gold$iissue-level$lmarginalia$zv.11, v.15, v.19 marginalia
=852  0\$aTESTINST1$bHDC$ctestprogram-trust$hQ111$i.E7
=866  30$80$a1(1922)-84(1979)

