=LDR  00744    a2200217 n 4500
=001  22880106880003841
=003  TestILS
=004  991011900789703841
=005  20210520081217.88
=007  ta
=008  1405080u\\\\0\\\0001ba\\\0\\\\\\\\\\\\\\
=014  1\$a2243304$bOCoLC
=022  \\$a0099-0868
=035  \\$a(OCoLC)2243304
=035  \\$a(TestILS)c13402754-01asu_inst
=245  00$aCommon ground.
=561  \\$aTESTINST1
=583  \\$acommitted to retain$c20140508$dDecember 31, 2035$fTESTPROGRAM$fTESTPROGRAM Gold$uhttp://localhost/services/testprogram/docs/TESTPROGRAMProgramStatement.pdf
=583  \\$acompleteness reviewed$c20140508$fTESTPROGRAM$fTESTPROGRAM Gold$iissue-level
=583  \\$acondition reviewed$c20140508$fTESTPROGRAM$fTESTPROGRAM Gold$iissue-level
=852  0\$aTESTINST1$bHDC$ctestprogram-trust$hHC59.7$i.C62
=866  30$80$a1(1975)-4(1978)

