=LDR  00827    a2200229 n 4500
=001  22969437430003841
=003  TestILS
=004  991020811839703841
=005  20210520081217.83
=007  ta
=008  1505050u\\\\0\\\0001ba\\\0\\\\\\\\\\\\\\
=014  1\$a4271068$bOCoLC
=022  0\$a0190-602X$l0190-602X
=035  \\$a(OCoLC)4271068
=035  \\$a(TestILS)c13597115-01asu_inst
=245  00$aChina facts & figures annual.
=561  \\$aTESTINST1
=583  \\$acommitted to retain$c20150505$dDecember 31, 2035$fTESTPROGRAM$fTESTPROGRAM Gold$uhttp://localhost/services/testprogram/docs/TESTPROGRAMProgramStatement.pdf
=583  \\$acompleteness reviewed$c20150505$fTESTPROGRAM$fTESTPROGRAM Gold$iissue-level
=583  \\$acondition reviewed$c20150505$fTESTPROGRAM$fTESTPROGRAM Gold$iissue-level$lhighlighting$zv.17 highlighting
=852  0\$aTESTINST1$bHDC$ctestprogram-trust$hDS779.15$i.C48
=866  30$80$a1(1978)-30(2005)
=868  30$80$a1(1978)-21(1997)

