=LDR  00817    a2200217 n 4500
=001  22849626450003841
=003  TestILS
=004  991011856599703841
=005  20210520081217.38
=007  ta
=008  1705080u\\\\0\\\0001ba\\\0\\\\\\\\\\\\\\
=014  1\$a2000486$bOCoLC
=022  \\$a0361-9648
=035  \\$a(OCoLC)2000486
=035  \\$a(TestILS)c14132084-01asu_inst
=245  00$aFodor's Spain.
=561  \\$aTESTINST1
=583  \\$acommitted to retain$c20170508$dDecember 31, 2035$fTESTPROGRAM$fTESTPROGRAM Gold$uhttp://localhost/services/testprogram/docs/TESTPROGRAMProgramStatement.pdf
=583  \\$acompleteness reviewed$c20170508$fTESTPROGRAM$fTESTPROGRAM Gold$iissue-level$lmissing volumes$zmissing 1972-1977, 1989-1988, 1997
=583  \\$acondition reviewed$c20170508$fTESTPROGRAM$fTESTPROGRAM Gold$iissue-level
=852  0\$aTESTINST1$bHDC$ctestprogram-trust$hDP14$i.S629
=866  30$80$a(1978), (1989)-(1996), (1998)-(2005)

