=LDR  00585nx  a22001811n 4500
=003  TestILS
=004  991048188372003841
=007  ta
=001  221067287900003841
=008  1805140u\\\\0\\\0000ba\\\0\\\\\\
=005  20210520081217.40
=035  \\$a(OCoLC)18166390
=245  10$aPacific builder and engineer.
=583  \\$acommitted to retain$c20180514$dDecember 31, 2035$fTESTPROGRAM$fTESTPROGRAM Silver$uhttp://localhost/services/testprogram/docs/TESTPROGRAMProgramStatement.pdf
=583  \\$acompleteness reviewed$c20180514$fTESTPROGRAM$fTESTPROGRAM Silver$ivolume level
=561  \\$aTESTINST1
=561  \\$aUUS
=852  0\$aTESTINST1$bHDC$ctestprogram-trust$hTH1$i.P2
=866  30$80$a31(1925)-71(1965)

