=LDR  00697ny  a22002053n 4500
=001  22835748420003841
=003  TestILS
=004  991030576359703841
=005  20210520081217.47
=007  ta
=008  1312230u\\\\0\\\0001ba\\\0\\\\\\\\\\\\\\
=014  1\$a9209637$bOCoLC
=022  0\$a0736-7627
=035  \\$a(OCoLC)9209637
=035  \\$a(TestILS)c13302887-01asu_inst
=245  04$aThe journal of staff, program & organization development.
=561  \\$aTESTINST1
=583  \\$acommitted to retain$c20131223$dDecember 31, 2035$fTESTPROGRAM$fTESTPROGRAM Silver$uhttp://localhost/services/testprogram/docs/TESTPROGRAMProgramStatement.pdf
=583  \\$acompleteness reviewed$c20131223$fTESTPROGRAM$fTESTPROGRAM Silver$ivolume-level$lmissing volumes$zmissing vols. 1-2
=852  0\$aTESTINST1$bHDC$ctestprogram-trust
=866  30$80$a3(1985)-17(2000)

