=LDR  00729nx  a22001931n 4500
=003  TestILS
=004  991011721849703841
=007  ta
=001  221148389700003841
=008  2006305u\\\\0\\\0000ba\\\0\\\\\\
=005  20210520081217.47
=022  \\$a0555-6031
=035  \\$a(OCoLC)1763097
=245  04$aThe Public library reporter /$c[Public Library Association].
=583  \\$acommitted to retain$c20200630$dDecember 31, 2035$fTESTPROGRAM$fTESTPROGRAM Gold$uhttp://localhost/services/testprogram/docs/TESTPROGRAMProgramStatement.pdf
=583  \\$acompleteness reviewed$c20200630$fTESTPROGRAM$fTESTPROGRAM Gold$iissue level$lmissing issues$zmissing v.12, v.14-15
=583  \\$acondition reviewed$c20200630$fTESTPROGRAM$fTESTPROGRAM Gold$iissue level
=561  \\$aTESTINST1
=852  0\$aTESTINST1$bHDC$ctestprogram-trust$hZ671$i.P25
=866  30$80$a8(1959)-11(1963), 13(1968), 16(1970)-21(1985)

