=LDR  00740    a2200217 n 4500
=001  22835171960003841
=003  TestILS
=004  991011792589703841
=005  20210520081217.97
=007  ta
=008  1502250u\\\\0\\\0001ba\\\0\\\\\\\\\\\\\\
=014  1\$a1783623$bOCoLC
=022  \\$a0092-4563
=035  \\$a(OCoLC)1783623
=035  \\$a(TestILS)c13577839-01asu_inst
=245  00$aSyntax and semantics.
=561  \\$aTESTINST1
=583  \\$acommitted to retain$c20150225$dDecember 31, 2035$fTESTPROGRAM$fTESTPROGRAM Gold$uhttp://localhost/services/testprogram/docs/TESTPROGRAMProgramStatement.pdf
=583  \\$acompleteness reviewed$c20150225$fTESTPROGRAM$fTESTPROGRAM Gold$iissue-level
=583  \\$acondition reviewed$c20150225$fTESTPROGRAM$fTESTPROGRAM Gold$iissue-level
=852  0\$aTESTINST1$bHDC$ctestprogram-trust$hP1$i.S9
=866  30$80$a1(1972)-35(2005)

