=LDR  00756nx  a22001931n 4500
=003  TestILS
=004  991022589539703841
=007  ta
=001  221065256650003841
=008  1805040u\\\\0\\\0000ba\\\0\\\\\\
=005  20210520081217.37
=022  \\$a1082-8310
=035  \\$a(OCoLC)31771326
=245  00$aHFN.
=583  \\$acommitted to retain$c20180504$dDecember 31, 2035$fTESTPROGRAM$fTESTPROGRAM Silver$uhttp://localhost/services/testprogram/docs/TESTPROGRAMProgramStatement.pdf
=583  \\$acompleteness reviewed$c20180504$fTESTPROGRAM$fTESTPROGRAM Silver$ivolume level$lmissing volumes$zmissing v.69:3-11,13-33; v.70:4,34-36; v.72:20; v.73:30,46; v.76:52; v.77:48,52; v.78:49,52; v.79:22,51-52
=561  \\$aTESTINST1
=852  0\$aTESTINST1$bHDC$ctestprogram-trust$hHF5001 .R45
=866  30$80$a69(1995)-79(2005)
=867  30$80$a71(1997)-76(2003)

