=LDR  00733ny  a22002053n 4500
=001  22922989160003841
=003  TestILS
=004  991011644949703841
=005  20210520081217.60
=007  ta
=008  1306030u\\\\0\\\0001ba\\\0\\\\\\\\\\\\\\
=014  1\$a1696403$bOCoLC
=022  \\$a0040-2796
=035  \\$a(OCoLC)1696403
=035  \\$a(TestILS)c13182675-01asu_inst
=245  00$aTelevision quarterly.
=561  \\$aTESTINST1
=583  \\$acommitted to retain$c20130603$dDecember 31, 2035$fTESTPROGRAM$fTESTPROGRAM Silver$uhttp://localhost/services/testprogram/docs/TESTPROGRAMProgramStatement.pdf
=583  \\$acompleteness reviewed$c20130603$fTESTPROGRAM$fTESTPROGRAM Silver$ivolume-level$lmissing volumes$zmissing vol. 3 issues 1,3-4; vol. 19 issues 2-3
=852  0\$aTESTINST1$bHDC$ctestprogram-trust
=866  30$80$a1(1962/1963)-36(2006)

