=LDR  00824ny  a22002173n 4500
=001  22970576500003841
=003  TestILS
=004  991020813509703841
=005  20210520081217.83
=007  ta
=008  1206250u\\\\0\\\0001ba\\\0\\\\\\\\\\\\\\
=014  1\$a4286288$bOCoLC
=022  \\$a0264-3960
=035  \\$a(OCoLC)4286288
=035  \\$a(TestILS)c12806584-01asu_inst
=245  00$aPhilosophical transactions of the Royal Society of London.$nSeries B,$pContaining papers of a biological character.
=561  \\$aTESTINST1
=561  \\$aUBY
=583  \\$acommitted to retain$c20120625$dDecember 31, 2035$fTESTPROGRAM$fTESTPROGRAM Silver$uhttp://localhost/services/testprogram/docs/TESTPROGRAMProgramStatement.pdf
=583  \\$acompleteness reviewed$c20120625$fTESTPROGRAM$fTESTPROGRAM Silver$ivolume-level$lmissing volumes$zmissing vol. 197$lbinding patterns vary$zvol.188-189 bound together as single unit
=852  0\$aTESTINST1$bHDC$ctestprogram-trust$hQ41$i.L8 Ser. B
=866  30$80$a187(1896)-196(1904), 198(1906)-223(1934)

