=LDR  00619nx  a22001811n 4500
=003  TestILS
=004  991046636979703841
=007  ta
=001  221171368750003841
=008  2105120u\\\\0\\\0000ba\\\0\\\\\\
=005  20210520081217.74
=035  \\$a(OCoLC)50924188
=245  04$aThe corrections yearbook.$pAdult systems.
=583  \\$acommitted to retain$c20210511$d20351231$fTESTPROGRAM$fTESTPROGRAM Gold$uhttp://localhost/services/testprogram/docs/TESTPROGRAMProgramStatement.pdf
=583  \\$acompleteness reviewed$c20210511$fTESTPROGRAM$fTESTPROGRAM Gold$iissue level
=583  \\$acondition reviewed$c20210511$fTESTPROGRAM$fTESTPROGRAM Gold$iissue level
=561  \\$aTESTINST1
=852  0\$aTESTINST1$bHDC$ctestprogram-trust$hHV8482$i.A32
=866  30$80$a(2001)

