=LDR  00712ny  a22002053n 4500
=001  22834984710003841
=003  TestILS
=004  991011789709703841
=005  20210520081217.97
=007  ta
=008  1404160u\\\\0\\\0001ba\\\0\\\\\\\\\\\\\\
=014  1\$a1783227$bOCoLC
=022  \\$a0022-5517
=035  \\$a(OCoLC)1783227
=035  \\$a(TestILS)c13382639-01asu_inst
=245  04$aThe journalism educator.
=561  \\$aTESTINST1
=583  \\$acommitted to retain$c20140416$dDecember 31, 2035$fTESTPROGRAM$fTESTPROGRAM Silver$uhttp://localhost/services/testprogram/docs/TESTPROGRAMProgramStatement.pdf
=583  \\$acompleteness reviewed$c20140416$fTESTPROGRAM$fTESTPROGRAM Silver$ivolume-level$lmissing volumes$zmissing vols. 48
=852  0\$aTESTINST1$bHDC$ctestprogram-trust
=866  30$80$a14(1959)-47(1992), 49(1994/1995)

