=LDR  00575nx  a22001691n 4500
=003  TestILS
=004  991032291459703841
=007  ta
=001  221114398280003841
=008  1908070u\\\\0\\\0000ba\\\0\\\\\\
=005  20210520081218.02
=035  \\$a(OCoLC)9856998
=245  00$aCommodity review and outlook.
=583  \\$acommitted to retain$c20190807$dDecember 31, 2035$fTESTPROGRAM$fTESTPROGRAM Silver$uhttp://localhost/services/testprogram/docs/TESTPROGRAMProgramStatement.pdf
=583  \\$acompleteness reviewed$c20190807$fTESTPROGRAM$fTESTPROGRAM Silver$ivolume level
=561  \\$aTESTINST1
=852  0\$aTESTINST1$bHDC$ctestprogram-trust$hHD 1401 .F63a
=866  30$80$a(1982/1983)-(1994/1995)

