=LDR  00697ny  a22002173n 4500
=001  22909556510003841
=003  TestILS
=004  991025068069703841
=005  20210520081217.43
=007  ta
=008  1505270u\\\\0\\\0001ba\\\0\\\\\\\\\\\\\\
=014  1\$a6085239$bOCoLC
=022  \\$a1091-6458
=035  \\$a(OCoLC)6085239
=035  \\$a(TestILS)c13605926-01asu_inst
=245  00$aHistorical geography.
=561  \\$aTESTINST1
=583  \\$acommitted to retain$c20150527$dDecember 31, 2035$fTESTPROGRAM$fTESTPROGRAM Silver$uhttp://localhost/services/testprogram/docs/TESTPROGRAMProgramStatement.pdf
=583  \\$acompleteness reviewed$c20150527$fTESTPROGRAM$fTESTPROGRAM Silver$ivolume-level
=852  0\$aTESTINST1$bHDC$ctestprogram-trust
=866  30$80$a8(1978)-33(2005)
=867  30$80$a1(1971)-20(1990)

