=LDR  00711nx  a22001811n 4500
=003  TestILS
=004  991021991159703841
=007  ta
=001  221131399840003841
=008  1910315u\\\\0\\\0000ba\\\0\\\\\\
=005  20210520081217.36
=035  \\$a(OCoLC)32749169
=245  00$aBond's franchise guide.
=583  \\$acommitted to retain$c20191031$dDecember 31, 2035$fTESTPROGRAM$fTESTPROGRAM Gold$uhttp://localhost/services/testprogram/docs/TESTPROGRAMProgramStatement.pdf
=583  \\$acompleteness reviewed$c20191031$fTESTPROGRAM$fTESTPROGRAM Gold$iissue level$lmissing issues$zmissing (1995), (2003), (2009)-(2015)
=583  \\$acondition reviewed$c20191031$fTESTPROGRAM$fTESTPROGRAM Gold$iissue level
=561  \\$aTESTINST1
=852  0\$aTESTINST1$bHDC$ctestprogram-trust$hHF5429.235.U5$iS66
=866  30$80$a(1996)-(2002), (2004)-(2008)

