=LDR  00781ny  a22002173n 4500
=001  22817580270003841
=003  TestILS
=004  991011511909703841
=005  20210520081217.45
=007  ta
=008  1205140u\\\\0\\\0001ba\\\0\\\\\\\\\\\\\\
=014  1\$a1538068$bOCoLC
=022  \\$a0008-0160
=035  \\$a(OCoLC)1538068
=035  \\$a(TestILS)c12692281-01asu_inst
=245  00$aCahiers du monde russe et soviétique.
=561  \\$aTESTINST1
=583  \\$acommitted to retain$c20120514$dDecember 31, 2035$fTESTPROGRAM$fTESTPROGRAM Silver$uhttp://localhost/services/testprogram/docs/TESTPROGRAMProgramStatement.pdf
=583  \\$acompleteness reviewed$c20120514$fTESTPROGRAM$fTESTPROGRAM Silver$ivolume-level$lbinding patterns vary$zvols. 2-3, 4-5, 9-10, 26-27 2 volumes bound as single units
=852  0\$aTESTINST1$bHDC$ctestprogram-trust
=866  30$80$a1(1959)-34(1993)
=868  30$80$a1(1959)-29(1988)

