=LDR  00735nx  a22001931n 4500
=003  TestILS
=004  991016515279703841
=007  ta
=001  221153795050003841
=008  2103245u\\\\0\\\0000ba\\\0\\\\\\
=005  20210520081218.10
=022  \\$a0035-1660
=035  \\$a(OCoLC)2916930
=245  00$aRevue de phonétique appliquée.
=583  \\$acommitted to retain$c20210324$d20351231$fTESTPROGRAM$fTESTPROGRAM Gold$uhttp://localhost/services/testprogram/docs/TESTPROGRAMProgramStatement.pdf
=583  \\$acompleteness reviewed$c20210324$fTESTPROGRAM$fTESTPROGRAM Gold$iissue level$lmissing issues$zmissing no.1(1965)-5(1966-67), no.7(1978)-44(1977)
=583  \\$acondition reviewed$c20210324$fTESTPROGRAM$fTESTPROGRAM Gold$iissue level
=561  \\$aTESTINST1
=852  0\$aTESTINST1$bHDC$ctestprogram-trust$hP215$i.R4x
=866  30$80$ano. 6(1967), 45(1978)-121(1996)

