=LDR  00705nx  a22001931n 4500
=003  TestILS
=004  991044158129703841
=007  ta
=001  221153795060003841
=008  2103240u\\\\0\\\0000ba\\\0\\\\\\
=005  20210520081217.51
=022  \\$a0770-545X
=035  \\$a(OCoLC)38877821
=245  00$aRevue PArole.
=583  \\$acommitted to retain$c20210324$d20351231$fTESTPROGRAM$fTESTPROGRAM Gold$uhttp://localhost/services/testprogram/docs/TESTPROGRAMProgramStatement.pdf
=583  \\$acompleteness reviewed$c20210324$fTESTPROGRAM$fTESTPROGRAM Gold$iissue level$lmissing issues$zmissing no. 14(2000) and after
=583  \\$acondition reviewed$c20210324$fTESTPROGRAM$fTESTPROGRAM Gold$iissue level
=561  \\$aTESTINST1
=852  0\$aTESTINST1$bHDC$ctestprogram-trust$hP215$i.R4x
=866  30$80$ano. 1(1997)-13(2000)

