=LDR  00694nx  a22001931n 4500
=003  TestILS
=004  991019211879703841
=007  ta
=001  221134372620003841
=008  1912315u\\\\0\\\0000ba\\\0\\\\\\
=005  20210520081217.82
=022  \\$a1061-1673
=035  \\$a(OCoLC)23540704
=245  10$aDirectory of members /$cAppraisal Institute.
=583  \\$acommitted to retain$c20191231$dDecember 31, 2035$fTESTPROGRAM$fTESTPROGRAM Gold$uhttp://localhost/services/testprogram/docs/TESTPROGRAMProgramStatement.pdf
=583  \\$acompleteness reviewed$c20191231$fTESTPROGRAM$fTESTPROGRAM Gold$iissue level$lmissing issues$zmissing (1991)-(1994)
=583  \\$acondition reviewed$c20191231$fTESTPROGRAM$fTESTPROGRAM Gold$iissue level
=561  \\$aTESTINST1
=852  0\$aTESTINST1$bHDC$ctestprogram-trust$hHD251$i.A477x
=866  30$80$a(1995)

