=LDR  00695nx  a22001931n 4500
=003  TestILS
=004  991040609789703841
=007  ta
=001  221169449330003841
=008  2105040u\\\\0\\\0000ba\\\0\\\\\\
=005  20210520081217.55
=022  \\$a1056-3024
=035  \\$a(OCoLC)16389111
=245  00$aIssues in international business.
=583  \\$acommitted to retain$c20210504$d20351231$fTESTPROGRAM$fTESTPROGRAM Gold$uhttp://localhost/services/testprogram/docs/TESTPROGRAMProgramStatement.pdf
=583  \\$acompleteness reviewed$c20210504$fTESTPROGRAM$fTESTPROGRAM Gold$iissue level$lmissing issues$zmissing v.1(1984)-2(1985)
=583  \\$acondition reviewed$c20210504$fTESTPROGRAM$fTESTPROGRAM Gold$iissue level
=561  \\$aTESTINST1
=852  0\$aTESTINST1$bHDC$ctestprogram-trust$hHF1$i.I87x
=866  30$80$a3(1986)-7(1990)

