=LDR  00752nx  a22001931n 4500
=003  TestILS
=004  991042392969703841
=007  ta
=001  221147889810003841
=008  2006255u\\\\0\\\0000ba\\\0\\\\\\
=005  20210520081217.59
=022  \\$a1044-9329
=035  \\$a(OCoLC)19949401
=245  00$aHow to find information about private companies /$cby Washington Researchers Publishing.
=583  \\$acommitted to retain$c20200625$dDecember 31, 2035$fTESTPROGRAM$fTESTPROGRAM Gold$uhttp://localhost/services/testprogram/docs/TESTPROGRAMProgramStatement.pdf
=583  \\$acompleteness reviewed$c20200625$fTESTPROGRAM$fTESTPROGRAM Gold$iissue level$lmissing issues$zmissing no.1(1987)- 3(1990/91), no.5(1993/94)-no.9(1998)
=583  \\$acondition reviewed$c20200625$fTESTPROGRAM$fTESTPROGRAM Gold$iissue level
=561  \\$aTESTINST1
=852  0\$aTESTINST1$bHDC$ctestprogram-trust$hHD2771$i.H695
=866  30$80$ano. 4(1992/93), 10(1999/2000)

