=LDR  00728    a2200217 n 4500
=001  22967760410003841
=003  TestILS
=004  991045210409703841
=005  20210520081218.06
=007  ta
=008  1701040u\\\\0\\\0001ba\\\0\\\\\\\\\\\\\\
=014  1\$a30697243$bOCoLC
=022  0\$a1084-3086
=035  \\$a(OCoLC)30697243
=035  \\$a(TestILS)c14059174-01asu_inst
=245  10$aTechnical, trade & business school data handbook.$pNortheast region.
=561  \\$aTESTINST1
=583  \\$acommitted to retain$c20170104$dDecember 31, 2035$fTESTPROGRAM$fTESTPROGRAM Gold$uhttp://localhost/services/testprogram/docs/TESTPROGRAMProgramStatement.pdf
=583  \\$acompleteness reviewed$c20170104$fTESTPROGRAM$fTESTPROGRAM Gold$iissue-level
=583  \\$acondition reviewed$c20170104$fTESTPROGRAM$fTESTPROGRAM Gold$iissue-level
=852  0\$aTESTINST1$bHDC$ctestprogram-trust
=866  30$80$a(1994/1996)

