=LDR  00807nx  a22001931n 4500
=003  TestILS
=004  991011875069703841
=007  ta
=001  221153822250003841
=008  2104185u\\\\0\\\0000ba\\\0\\\\\\
=005  20210520081217.65
=022  \\$a0010-3934
=035  \\$a(OCoLC)2116507
=245  00$aCompact.
=583  \\$acommitted to retain$c20210418$d20351231$fTESTPROGRAM$fTESTPROGRAM Gold$uhttp://localhost/services/testprogram/docs/TESTPROGRAMProgramStatement.pdf
=583  \\$acompleteness reviewed$c20210418$fTESTPROGRAM$fTESTPROGRAM Gold$iissue level$lbinding patterns vary$zv.12(1979) bound with later title$lmissing issues$zmissing v.1(1966/67), v.2:6(1968), v.3:4(1969), v.6:6(1972), v.7:6(1973)
=583  \\$acondition reviewed$c20210418$fTESTPROGRAM$fTESTPROGRAM Gold$iissue level
=561  \\$aTESTINST1
=852  0\$aTESTINST1$bHDC$ctestprogram-trust$hL11$i.C692x
=866  30$80$a1(1967)-12, no.3(1978)

