=LDR  00680ny  a22002173n 4500
=001  22913282990003841
=003  TestILS
=004  991016514859703841
=005  20210520081218.10
=007  ta
=008  1605200u\\\\0\\\0001ba\\\0\\\\\\\\\\\\\\
=014  1\$a2905708$bOCoLC
=022  \\$a0588-5043
=035  \\$a(OCoLC)2905708
=035  \\$a(TestILS)c13832153-01asu_inst
=245  00$aColorado state review.
=561  \\$aTESTINST1
=561  \\$aCUZ
=583  \\$acommitted to retain$c20160520$dDecember 31, 2035$fTESTPROGRAM$fTESTPROGRAM Silver$uhttp://localhost/services/testprogram/docs/TESTPROGRAMProgramStatement.pdf
=583  \\$acompleteness reviewed$c20160520$fTESTPROGRAM$fTESTPROGRAM Silver$ivolume-level
=852  0\$aTESTINST1$bHDC$ctestprogram-trust
=866  30$80$a1(1966)-4(1969)

