=LDR  00752    a2200217 n 4500
=001  22947285900003841
=003  TestILS
=004  991025097079703841
=005  20210520081217.41
=007  ta
=008  1605090u\\\\0\\\0001ba\\\0\\\\\\\\\\\\\\
=014  1\$a6408995$bOCoLC
=022  \\$a0068-0842
=035  \\$a(OCoLC)6408995
=035  \\$a(TestILS)c13793895-01asu_inst
=245  00$aBrasil, séries estatísticas retrospectivas /$cFundação IBGE, Instituto Brasileiro de Estatística.
=561  \\$aTESTINST1
=583  \\$acommitted to retain$c20160509$dDecember 31, 2035$fTESTPROGRAM$fTESTPROGRAM Gold$uhttp://localhost/services/testprogram/docs/TESTPROGRAMProgramStatement.pdf
=583  \\$acompleteness reviewed$c20160509$fTESTPROGRAM$fTESTPROGRAM Gold$iissue-level$lmissing volumes$zmissing v.1
=583  \\$acondition reviewed$c20160509$fTESTPROGRAM$fTESTPROGRAM Gold$iissue-level
=852  0\$aTESTINST1$bHDC$ctestprogram-trust
=866  30$80$a2(1977)

