=LDR  00744    a2200217 n 4500
=001  22816496650003841
=003  TestILS
=004  991020854449703841
=005  20210520081217.85
=007  ta
=008  1402200u\\\\0\\\0001ba\\\0\\\\\\\\\\\\\\
=014  1\$a4683863$bOCoLC
=022  \\$a0263-7960
=035  \\$a(OCoLC)4683863
=035  \\$a(TestILS)c13348991-01asu_inst
=245  10$aBuilt environment.
=561  \\$aTESTINST1
=583  \\$acommitted to retain$c20140220$dDecember 31, 2035$fTESTPROGRAM$fTESTPROGRAM Gold$uhttp://localhost/services/testprogram/docs/TESTPROGRAMProgramStatement.pdf
=583  \\$acompleteness reviewed$c20140220$fTESTPROGRAM$fTESTPROGRAM Gold$iissue-level
=583  \\$acondition reviewed$c20140220$fTESTPROGRAM$fTESTPROGRAM Gold$iissue-level
=852  0\$aTESTINST1$bHDC$ctestprogram-trust$hNA1$i.O374x
=866  30$80$a4(1978)-31(2005)

