=LDR  00665nx  a22001931n 4500
=003  TestILS
=004  991014218499703841
=007  ta
=001  221145008970003841
=008  2005315u\\\\0\\\0000ba\\\0\\\\\\
=005  20210520081218.15
=022  \\$a0307-6075
=035  \\$a(OCoLC)2715966
=245  00$aDissertation abstracts international.$nC,$pEuropean abstracts.
=583  \\$acommitted to retain$c20200531$dDecember 31, 2035$fTESTPROGRAM$fTESTPROGRAM Gold$uhttp://localhost/services/testprogram/docs/TESTPROGRAMProgramStatement.pdf
=583  \\$acompleteness reviewed$c20200511$fTESTPROGRAM$fTESTPROGRAM Gold$iissue level
=583  \\$acondition reviewed$c20200531$fTESTPROGRAM$fTESTPROGRAM Gold$iissue level
=561  \\$aTESTINST1
=852  0\$aTESTINST1$bHDC$ctestprogram-trust$hAC801$i.D546x
=866  30$80$a37(1976)-49(1988)

