=LDR  00669ny  a22002053n 4500
=001  22870707610003841
=003  TestILS
=004  991018698249703841
=005  20210520081217.64
=007  ta
=008  1605090u\\\\0\\\0001ba\\\0\\\\\\\\\\\\\\
=014  1\$a17338120$bOCoLC
=022  \\$a1081-3705
=035  \\$a(OCoLC)17338120
=035  \\$a(TestILS)c13793809-01asu_inst
=245  00$aEndangered species update.
=561  \\$aTESTINST1
=583  \\$acommitted to retain$c20160509$dDecember 31, 2035$fTESTPROGRAM$fTESTPROGRAM Silver$uhttp://localhost/services/testprogram/docs/TESTPROGRAMProgramStatement.pdf
=583  \\$acompleteness reviewed$c20160509$fTESTPROGRAM$fTESTPROGRAM Silver$ivolume-level
=852  0\$aTESTINST1$bHDC$ctestprogram-trust
=866  30$80$a4, no.9(1987)-22(2005)

