=LDR  00772nx  a22001931n 4500
=003  TestILS
=004  991035482689703841
=007  ta
=001  221147858590003841
=008  2006305u\\\\0\\\0000ba\\\0\\\\\\
=005  20210520081218.02
=022  \\$a0895-6286
=035  \\$a(OCoLC)11981869
=245  00$aSurviving together /$cissued periodically by the Friends Committee on National Legislation (FCNL) and the Institute for Soviet American Relations (ISAR).
=583  \\$acommitted to retain$c20200630$dDecember 31, 2035$fTESTPROGRAM$fTESTPROGRAM Gold$uhttp://localhost/services/testprogram/docs/TESTPROGRAMProgramStatement.pdf
=583  \\$acompleteness reviewed$c20200630$fTESTPROGRAM$fTESTPROGRAM Gold$iissue level$lmissing issues$zmissing no.1(1983)-no.15(1988), v.11(1993)-v.15(1997)
=583  \\$acondition reviewed$c20200630$fTESTPROGRAM$fTESTPROGRAM Gold$iissue level
=561  \\$aTESTINST1
=852  0\$aTESTINST1$bHDC$ctestprogram-trust$hE183.8.S65$iS95x
=866  30$80$ano. 10(1986)-14(1988), 16(1989)-25(1991);10(1992)

