=LDR  00522ny  a22001693n 4500
=003  TestILS
=004  991011902779703841
=005  20210520081217.88
=001  221098559020003841
=007  ta
=008  1901100u\\\\0\\\0001aa\\\0\\\\\\\\\\\\\8
=022  \\$a0370-8314
=035  \\$a(OCoLC)2243875
=245  00$aSamab.
=561  \\$aTESTINST1
=583  \\$acommitted to retain$c20190110$dDecember 31, 2035$fTESTPROGRAM$fTESTPROGRAM Bronze$uhttp://localhost/services/testprogram/docs/TESTPROGRAMProgramStatement.pdf
=852  0\$aTESTINST1$bHDC$ctestprogram-trust$hAM89 .A1$iS25
=866  30$80$a14(1980)-19(1990)

