=LDR  00731    a2200217 n 4500
=001  22837708750003841
=003  TestILS
=004  991011823809703841
=005  20210520081217.75
=007  ta
=008  1505290u\\\\0\\\0001ba\\\0\\\\\\\\\\\\\\
=014  1\$a1794374$bOCoLC
=022  \\$a0377-6883
=035  \\$a(OCoLC)1794374
=035  \\$a(TestILS)c13606372-01asu_inst
=245  00$aDiffusion and defect data.
=561  \\$aTESTINST1
=583  \\$acommitted to retain$c20150529$dDecember 31, 2035$fTESTPROGRAM$fTESTPROGRAM Gold$uhttp://localhost/services/testprogram/docs/TESTPROGRAMProgramStatement.pdf
=583  \\$acompleteness reviewed$c20150529$fTESTPROGRAM$fTESTPROGRAM Gold$iissue-level
=583  \\$acondition reviewed$c20150529$fTESTPROGRAM$fTESTPROGRAM Gold$iissue-level
=852  0\$aTESTINST1$bHDC$ctestprogram-trust
=866  30$80$a8(1974)-56(1987)

