=LDR  00888    a2200217 n 4500
=001  22938643070003841
=003  TestILS
=004  991020804669703841
=005  20210520081217.83
=007  ta
=008  1505010u\\\\0\\\0001ba\\\0\\\\\\\\\\\\\\
=014  1\$a4212379$bOCoLC
=022  0\$a0034-5822
=035  \\$a(OCoLC)4212379
=035  \\$a(TestILS)c13595878-01asu_inst
=245  00$aRestoration and 18th century theatre research.
=561  \\$aTESTINST1
=583  \\$acommitted to retain$c20150501$dDecember 31, 2035$fTESTPROGRAM$fTESTPROGRAM Gold$uhttp://localhost/services/testprogram/docs/TESTPROGRAMProgramStatement.pdf
=583  \\$acompleteness reviewed$c20150501$fTESTPROGRAM$fTESTPROGRAM Gold$iissue-level$lmissing issues$zmissing vol. 12 issue 1; vol. 16 issue 2$lReprints$zvol. 15 issue 2 reprint
=583  \\$acondition reviewed$c20150501$fTESTPROGRAM$fTESTPROGRAM Gold$iissue-level$lmissing pages$zvol.1-3 missing covers
=852  0\$aTESTINST1$bHDC$ctestprogram-trust
=866  30$80$a2(1963)-16(1977); Ser.2, 1(1986)-21(2006)

