=LDR  00781    a2200217 n 4500
=001  22852519760003841
=003  TestILS
=004  991011850649703841
=005  20210520081217.38
=007  ta
=008  1502240u\\\\0\\\0001ba\\\0\\\\\\\\\\\\\\
=014  1\$a1933454$bOCoLC
=022  \\$a0020-3815
=035  \\$a(OCoLC)1933454
=035  \\$a(TestILS)c13568930-01asu_inst
=245  10$aRevista del Instituto de Cultura Puertorriqueña.
=561  \\$aTESTINST1
=583  \\$acommitted to retain$c20150224$dDecember 31, 2035$fTESTPROGRAM$fTESTPROGRAM Gold$uhttp://localhost/services/testprogram/docs/TESTPROGRAMProgramStatement.pdf
=583  \\$acompleteness reviewed$c20150224$fTESTPROGRAM$fTESTPROGRAM Gold$iissue-level
=583  \\$acondition reviewed$c20150224$fTESTPROGRAM$fTESTPROGRAM Gold$iissue-level
=852  0\$aTESTINST1$bHDC$ctestprogram-trust
=866  30$80$a1(1958)-21(1978); no.82(1979)-100(1996); Ser.2.no.1(2000)-11(2005)

