=LDR  00933    a2200229 n 4500
=001  22821066340003841
=003  TestILS
=004  991011785319703841
=005  20210520081217.97
=007  ta
=008  1505010u\\\\0\\\0001ba\\\0\\\\\\\\\\\\\\
=014  1\$a1782669$bOCoLC
=022  \\$a0489-5606
=035  \\$a(OCoLC)1782669
=035  \\$a(TestILS)c13582264-01asu_inst
=245  00$aEngineering know-how in engine design.
=561  \\$aTESTINST1
=561  \\$aCDS
=583  \\$acommitted to retain$c20150501$dDecember 31, 2035$fTESTPROGRAM$fTESTPROGRAM Gold$uhttp://localhost/services/testprogram/docs/TESTPROGRAMProgramStatement.pdf
=583  \\$acompleteness reviewed$c20150501$fTESTPROGRAM$fTESTPROGRAM Gold$iissue-level$lmissing volumes$zmissing vols. 1-2, 4-6, 14-20, 22-23, 25-26, 28-29
=583  \\$acondition reviewed$c20150501$fTESTPROGRAM$fTESTPROGRAM Gold$iissue-level$lmissing pages$zvol. 30 missing copyright page
=852  0\$aTESTINST1$bHDC$ctestprogram-trust
=866  30$80$a3(1955)-4(1956), 7(1959)-13(1965), 21(1973), 24(1976), 27(1979), 30(1982)-32(1984)

