=LDR  00597nx  a22001811n 4500
=003  TestILS
=004  991013263499703841
=007  ta
=001  221111805160003841
=008  1906120u\\\\0\\\0000ba\\\0\\\\\\
=005  20210520081217.62
=022  \\$a2197-4616
=035  \\$a(OCoLC)865559506
=245  00$aBibliography of the International Arthurian Society.
=583  \\$acommitted to retain$c20190612$dDecember 31, 2035$fTESTPROGRAM$fTESTPROGRAM Silver$uhttp://localhost/services/testprogram/docs/TESTPROGRAMProgramStatement.pdf
=583  \\$acompleteness reviewed$c20190612$fTESTPROGRAM$fTESTPROGRAM Silver$ivolume level
=561  \\$aTESTINST1
=852  0\$aTESTINST1$bHDC$ctestprogram-trust$hPN57.A6$iZ991
=866  30$80$a64(2011)-67(2015)

