=LDR  00714ny  a22002173n 4500
=001  22958275950003841
=003  TestILS
=004  991046510269703841
=005  20210520081217.74
=007  ta
=008  1306030u\\\\0\\\0001ba\\\0\\\\\\\\\\\\\\
=014  1\$a50220441$bOCoLC
=022  \\$a1476-0851
=035  \\$a(OCoLC)50220441
=035  \\$a(TestILS)c13182328-01asu_inst
=245  00$aRadical society :$breview of culture & politics.
=561  \\$aTESTINST1
=561  \\$aCOO
=583  \\$acommitted to retain$c20130603$dDecember 31, 2035$fTESTPROGRAM$fTESTPROGRAM Silver$uhttp://localhost/services/testprogram/docs/TESTPROGRAMProgramStatement.pdf
=583  \\$acompleteness reviewed$c20130603$fTESTPROGRAM$fTESTPROGRAM Silver$ivolume-level
=852  0\$aTESTINST1$bHDC$ctestprogram-trust$hHX1$i.S35
=866  30$80$a29(2002)-30(2003), 31(2005)-32(2006)

