=LDR  00801    a2200217 n 4500
=001  22851559580003841
=003  TestILS
=004  991041208899703841
=005  20210520081217.59
=007  ta
=008  1306100u\\\\0\\\0001ba\\\0\\\\\\\\\\\\\\
=014  1\$a19330915$bOCoLC
=022  0\$a1043-1705
=035  \\$a(OCoLC)19330915
=035  \\$a(TestILS)c13183680-01asu_inst
=245  00$aWorkshop by and for teachers.
=561  \\$aTESTINST1
=583  \\$acommitted to retain$c20130610$dDecember 31, 2035$fTESTPROGRAM$fTESTPROGRAM Gold$uhttp://localhost/services/testprogram/docs/TESTPROGRAMProgramStatement.pdf
=583  \\$acompleteness reviewed$c20130610$fTESTPROGRAM$fTESTPROGRAM Gold$iissue-level$lbinding patterns vary$zissues 1-4 bound together as single piece
=583  \\$acondition reviewed$c20130610$fTESTPROGRAM$fTESTPROGRAM Gold$iissue-level
=852  0\$aTESTINST1$bHDC$ctestprogram-trust
=866  30$80$ano.1(1989)-6(1994)

