=LDR  00601nx  a22001811n 4500
=003  TestILS
=004  991003883789703841
=007  ta
=001  221157657720003841
=008  2012040u\\\\0\\\0000ba\\\0\\\\\\
=005  20210520081218.09
=022  \\$a1040-5054
=035  \\$a(OCoLC)17985006
=245  00$aComposites in manufacturing /$cSME.
=583  \\$acommitted to retain$c20201204$dDecember 31, 2035$fTESTPROGRAM$fTESTPROGRAM Silver$uhttp://localhost/services/testprogram/docs/TESTPROGRAMProgramStatement.pdf
=583  \\$acompleteness reviewed$c20201204$fTESTPROGRAM$fTESTPROGRAM Silver$ivolume level
=561  \\$aTESTINST1
=852  0\$aTESTINST1$bHDC$ctestprogram-trust$hTA418.9.C6$iC6325x
=866  30$80$a14(1998)-17(2001)

