=LDR  00753    a2200229 n 4500
=001  22935708390003841
=003  TestILS
=004  991014180369703841
=005  20210520081217.93
=007  ta
=008  1405150u\\\\0\\\0001ba\\\0\\\\\\\\\\\\\\
=014  1\$a2447779$bOCoLC
=022  0\$a0020-7470
=030  \\$aIJNTA3
=035  \\$a(OCoLC)2447779
=035  \\$a(TestILS)c13404143-01asu_inst
=245  00$aInternational journal of nondestructive testing.
=561  \\$aTESTINST1
=583  \\$acommitted to retain$c20140515$dDecember 31, 2035$fTESTPROGRAM$fTESTPROGRAM Gold$uhttp://localhost/services/testprogram/docs/TESTPROGRAMProgramStatement.pdf
=583  \\$acompleteness reviewed$c20140515$fTESTPROGRAM$fTESTPROGRAM Gold$iissue-level
=583  \\$acondition reviewed$c20140515$fTESTPROGRAM$fTESTPROGRAM Gold$iissue-level
=852  0\$aTESTINST1$bHDC$ctestprogram-trust
=866  30$80$a1(1969)-4(1973)

