=LDR  00570nx  a22001691n 4500
=003  TestILS
=004  991011630909703841
=007  ta
=001  221058862760003841
=008  1803070u\\\\0\\\0000ba\\\0\\\\\\
=005  20210520081217.91
=035  \\$a(OCoLC)1645250
=245  00$aReview of reviews and world's work.
=583  \\$acommitted to retain$c20180406$dDecember 31, 2035$fTESTPROGRAM$fTESTPROGRAM Silver$uhttp://localhost/services/testprogram/docs/TESTPROGRAMProgramStatement.pdf
=583  \\$acompleteness reviewed$c20180406$fTESTPROGRAM$fTESTPROGRAM Silver$ivolume level
=561  \\$aTESTINST1
=852  0\$aTESTINST1$bHDC$ctestprogram-trust$hAP2 .R45
=866  30$80$a86, no.3(1932)-90(1934)

