=LDR  00660nx  a22001811n 4500
=003  TestILS
=004  991011941299703841
=007  ta
=001  221157893140003841
=008  2012070u\\\\0\\\0000ba\\\0\\\\\\
=005  20210520081217.62
=022  \\$a0303-7800
=035  \\$a(OCoLC)2287153
=245  00$aPeriodica polytechnica:$pTransportation engineering =$bTransport.
=583  \\$acommitted to retain$c20201207$dDecember 31, 2035$fTESTPROGRAM$fTESTPROGRAM Silver$uhttp://localhost/services/testprogram/docs/TESTPROGRAMProgramStatement.pdf
=583  \\$acompleteness reviewed$c20201207$fTESTPROGRAM$fTESTPROGRAM Silver$ivolume level$lmissing volumes$zmissing v.1(1973)-35(2007), 41(2013) and after.
=561  \\$aTESTINST1
=852  0\$aTESTINST1$bHDC$ctestprogram-trust$hTA1001$i.P47
=866  30$80$a36(2008)-40(2012)

