=LDR  00692ny  a22002053n 4500
=001  22817089260003841
=003  TestILS
=004  991011514929703841
=005  20210520081217.45
=007  ta
=008  1705080u\\\\0\\\0001ba\\\0\\\\\\\\\\\\\\
=014  1\$a1553081$bOCoLC
=022  \\$a0315-1514
=035  \\$a(OCoLC)1553081
=035  \\$a(TestILS)c14127015-01asu_inst
=245  00$aCanadian education and research digest.
=561  \\$aTESTINST1
=583  \\$acommitted to retain$c20170508$dDecember 31, 2035$fTESTPROGRAM$fTESTPROGRAM Silver$uhttp://localhost/services/testprogram/docs/TESTPROGRAMProgramStatement.pdf
=583  \\$acompleteness reviewed$c20170508$fTESTPROGRAM$fTESTPROGRAM Silver$ivolume-level$lmissing volumes$zmissing v.8:1
=852  0\$aTESTINST1$bHDC$ctestprogram-trust
=866  30$80$a1(1961)-8(1969)

