=LDR  00806    a2200229 n 4500
=001  22955130910003841
=003  TestILS
=004  991020836209703841
=005  20210520081217.84
=007  ta
=008  1502250u\\\\0\\\0001ba\\\0\\\\\\\\\\\\\\
=014  1\$a4521560$bOCoLC
=022  \\$a0343-3781
=035  \\$a(OCoLC)4521560
=035  \\$a(TestILS)c13569697-01asu_inst
=245  00$aLateinamerika Studien.
=561  \\$aTESTINST1
=561  \\$aCUS
=583  \\$acommitted to retain$c20150225$dDecember 31, 2035$fTESTPROGRAM$fTESTPROGRAM Gold$uhttp://localhost/services/testprogram/docs/TESTPROGRAMProgramStatement.pdf
=583  \\$acompleteness reviewed$c20150225$fTESTPROGRAM$fTESTPROGRAM Gold$iissue-level
=583  \\$acondition reviewed$c20140515$fTESTPROGRAM$fTESTPROGRAM Gold$iissue-level$lhighlighting$zvol. 45 has highlighting
=852  0\$aTESTINST1$bHDC$ctestprogram-trust$hF1401$i.L3215
=866  30$80$a1(1976)-48(2005)

