=LDR  00716nx  a22001931n 4500
=003  TestILS
=004  991009667359703841
=007  ta
=001  221104034970003841
=008  1903195u\\\\0\\\0000ba\\\0\\\\\\
=005  20210520081217.96
=022  \\$a1095-9491
=035  \\$a(OCoLC)37280287
=245  04$aThe American marketplace :$bdemographics and spending patterns.
=583  \\$acommitted to retain$c20190612$dDecember 31, 2035$fTESTPROGRAM$fTESTPROGRAM Gold$uhttp://localhost/services/testprogram/docs/TESTPROGRAMProgramStatement.pdf
=583  \\$acompleteness reviewed$c20190612$fTESTPROGRAM$fTESTPROGRAM Gold$iissue level no.6(2003), no.10(2010)-12(2015)
=583  \\$acondition reviewed$c20190612$fTESTPROGRAM$fTESTPROGRAM Gold$iissue level
=561  \\$aTESTINST1
=852  0\$aTESTINST1$bHDC$ctestprogram-trust$hHA203$i.A635
=866  30$80$ano.3(1997)-5(2001), 7(2005)-9(2009)

