=LDR  00581    a2200193 n 4500
=001  22840024010003841
=003  TestILS
=004  991027147519703841
=005  20210520081217.69
=007  ta
=008  1505290u\\\\0\\\0001ba\\\0\\\\\\\\\\\\\\
=014  1\$a7399538$bOCoLC
=022  0\$a0276-6256
=035  \\$a(OCoLC)7399538
=035  \\$a(TestILS)c13606943-01asu_inst
=245  00$aJournal of children in contemporary society.
=561  \\$aTESTINST1
=583  \\$acommitted to retain$c20130614$dDecember 31, 2035$fTESTPROGRAM$fTESTPROGRAM Bronze$uhttp://localhost/services/testprogram/docs/TESTPROGRAMProgramStatement.pdf
=852  0\$aTESTINST1$bHDC$ctestprogram-trust
=866  30$80$a14(1981)-21(1990)

