=LDR  00748    a2200217 n 4500
=001  22905920530003841
=003  TestILS
=004  991042389109703841
=005  20210520081217.59
=007  ta
=008  1505010u\\\\0\\\0001ba\\\0\\\\\\\\\\\\\\
=014  1\$a19709753$bOCoLC
=022  \\$a0114-3999
=035  \\$a(OCoLC)19709753
=035  \\$a(TestILS)c13582823-01asu_inst
=245  00$aNew Zealand external relations review.
=561  \\$aTESTINST1
=583  \\$acommitted to retain$c20150501$dDecember 31, 2035$fTESTPROGRAM$fTESTPROGRAM Gold$uhttp://localhost/services/testprogram/docs/TESTPROGRAMProgramStatement.pdf
=583  \\$acompleteness reviewed$c20150501$fTESTPROGRAM$fTESTPROGRAM Gold$iissue-level
=583  \\$acondition reviewed$c20150501$fTESTPROGRAM$fTESTPROGRAM Gold$iissue-level
=852  0\$aTESTINST1$bHDC$ctestprogram-trust$hJX1591$i.A35
=866  30$80$a39(1988)-41(1991)

