=LDR  00687ny  a22002173n 4500
=001  22941219350003841
=003  TestILS
=004  991038896559703841
=005  20210520081217.54
=007  ta
=008  1505010u\\\\0\\\0001ba\\\0\\\\\\\\\\\\\\
=014  1\$a15128530$bOCoLC
=022  0\$a0893-2565
=030  \\$aEESMEY
=035  \\$a(OCoLC)15128530
=035  \\$a(TestILS)c13582495-01asu_inst
=245  00$aESD :$bthe electronic system design magazine.
=561  \\$aTESTINST1
=583  \\$acommitted to retain$c20150501$dDecember 31, 2035$fTESTPROGRAM$fTESTPROGRAM Silver$uhttp://localhost/services/testprogram/docs/TESTPROGRAMProgramStatement.pdf
=583  \\$acompleteness reviewed$c20150501$fTESTPROGRAM$fTESTPROGRAM Silver$ivolume-level
=852  0\$aTESTINST1$bHDC$ctestprogram-trust
=866  30$80$a17(1987)-19(1989)

