=LDR  00755ny  a22002053n 4500
=001  22896310300003841
=003  TestILS
=004  991021986209703841
=005  20210520081217.36
=007  ta
=008  1312110u\\\\0\\\0001ba\\\0\\\\\\\\\\\\\\
=014  1\$a27950621$bOCoLC
=022  \\$a0927-7544
=035  \\$a(OCoLC)27950621
=035  \\$a(TestILS)c13286894-01asu_inst
=245  00$aJournal of real estate literature.
=561  \\$aTESTINST1
=583  \\$acommitted to retain$c20131211$dDecember 31, 2035$fTESTPROGRAM$fTESTPROGRAM Silver$uhttp://localhost/services/testprogram/docs/TESTPROGRAMProgramStatement.pdf
=583  \\$acompleteness reviewed$c20131211$fTESTPROGRAM$fTESTPROGRAM Silver$ivolume-level$lbinding patterns vary$zfor v.1-10 two volumes bound together as single piece
=852  0\$aTESTINST1$bHDC$ctestprogram-trust$hHD1361$i.J68
=866  30$80$a1(1993)-13(2005)

