=LDR  00762nx  a22001931n 4500
=003  TestILS
=004  991028936379703841
=007  ta
=001  221147858780003841
=008  2006305u\\\\0\\\0000ba\\\0\\\\\\
=005  20210520081217.46
=022  \\$a0736-4733
=035  \\$a(OCoLC)8809365
=245  14$aThe creative woman.
=583  \\$acommitted to retain$c20200630$dDecember 31, 2035$fTESTPROGRAM$fTESTPROGRAM Gold$uhttp://localhost/services/testprogram/docs/TESTPROGRAMProgramStatement.pdf
=583  \\$acompleteness reviewed$c20200630$fTESTPROGRAM$fTESTPROGRAM Gold$iissue level$lmissing issues$zmissing v.1(1977)-5(1982), v.6:1(1983),v.11:3-4(1991), v.13:2(1992), v.14(1994)
=583  \\$acondition reviewed$c20200630$fTESTPROGRAM$fTESTPROGRAM Gold$iissue level
=561  \\$aTESTINST1
=852  0\$aTESTINST1$bHDC$ctestprogram-trust$hNX180.F4$iC74x
=866  30$80$a6(1983)-13(1993)

