=LDR  00596nx  a22001811n 4500
=003  TestILS
=004  991024472119703841
=007  ta
=001  221067304490003841
=008  1805140u\\\\0\\\0000ba\\\0\\\\\\
=005  20210520081217.43
=022  \\$a1942-6828
=035  \\$a(OCoLC)53818155
=245  00$aPolicy & practice.
=583  \\$acommitted to retain$c20180514$dDecember 31, 2035$fTESTPROGRAM$fTESTPROGRAM Silver$uhttp://localhost/services/testprogram/docs/TESTPROGRAMProgramStatement.pdf
=583  \\$acompleteness reviewed$c20180514$fTESTPROGRAM$fTESTPROGRAM Silver$ivolume level
=561  \\$aTESTINST1
=852  0\$aTESTINST1$bHDC$ctestprogram-trust$hHV1 .P75
=866  30$80$a61 no.2(2003)-65(2007)

