=LDR  00628nx  a22001811n 4500
=003  TestILS
=004  991020809949703841
=007  ta
=001  221044050820003841
=008  1710260u00001\\\0001ba\\\00000\\
=005  20210520081217.83
=022  \\$a0164-9620
=035  \\$a(OCoLC)4255697
=245  00$aElectronics test.
=583  \\$acommitted to retain$c20171026$dDecember 31, 2035$fTESTPROGRAM$fTESTPROGRAM Silver$uhttp://localhost/services/testprogram/docs/TESTPROGRAMProgramStatement.pdf
=583  \\$acompleteness reviewed$c20170907$fTESTPROGRAM$fTESTPROGRAM Silver$iissue-level$lmissing volumes$zmissing 1978-1982
=561  \\$aTESTINST1
=852  0\$aTESTINST1$bHDC$ctestprogram-trust$hTK7869 .E444
=866  30$80$a6(1983)-13(1990)

