=LDR  00611nx  a22001691n 4500
=003  TestILS
=004  991033876239703841
=007  ta
=001  221171248160003841
=008  2105100u\\\\0\\\0000ba\\\0\\\\\\
=005  20210520081218.00
=035  \\$a(OCoLC)10810904
=245  00$aIndustrial structure statistics =$bStatistiques des structures industrielles.
=583  \\$acommitted to retain$c20201209$d20351231$fTESTPROGRAM$fTESTPROGRAM Silver$uhttp://localhost/services/testprogram/docs/TESTPROGRAMProgramStatement.pdf
=583  \\$acompleteness reviewed$c20201209$fTESTPROGRAM$fTESTPROGRAM Silver$ivolume level$lmissing volumes$zmissing (1996)-(1997)
=561  \\$aTESTINST1
=852  0\$aTESTINST1$bHDC$ctestprogram-trust$hHC10$i.I458x
=866  30$80$a(1982)-(1995), (1998)-(1999)

