=LDR  00653nx  a22001931n 4500
=003  TestILS
=004  991002174479703841
=007  ta
=001  221171327000003841
=008  2105160u\\\\0\\\0000ba\\\0\\\\\\
=005  20210520081217.78
=022  \\$a1052-2220
=035  \\$a(OCoLC)22218907
=245  04$aThe awards almanac.
=583  \\$acommitted to retain$c20210514$d20351231$fTESTPROGRAM$fTESTPROGRAM Gold$uhttp://localhost/services/testprogram/docs/TESTPROGRAMProgramStatement.pdf
=583  \\$acompleteness reviewed$c20210514$fTESTPROGRAM$fTESTPROGRAM Gold$iissue level
=583  \\$acondition reviewed$c20210514$fTESTPROGRAM$fTESTPROGRAM Gold$iissue level
=561  \\$aTESTINST1
=852  0\$aTESTINST1$bHDC$ctestprogram-trust$hLB2338$i.A94
=866  30$80$a(1991), (1996)

