=LDR  00596nx  a22001691n 4500
=003  TestILS
=004  991011742939703841
=007  ta
=001  221106589930003841
=008  1905150u\\\\0\\\0000ba\\\0\\\\\\
=005  20210520081217.48
=035  \\$a(OCoLC)1767359
=245  10$aNews notes /$cTexas Library Association.
=583  \\$acommitted to retain$c20190515$dDecember 31, 2035$fTESTPROGRAM$fTESTPROGRAM Silver$uhttp://localhost/services/testprogram/docs/TESTPROGRAMProgramStatement.pdf
=583  \\$acompleteness reviewed$c20190515$fTESTPROGRAM$fTESTPROGRAM Silver$ivolume level$lmissing volumes$zmissing v.25:2(1949)
=561  \\$aTESTINST1
=852  0\$aTESTINST1$bHDC$ctestprogram-trust$hZ673$i.T35
=866  30$80$a25(1949)

