=LDR  00634ny  a22001933n 4500
=001  22961279390003841
=003  TestILS
=004  991025130109703841
=005  20210520081217.42
=007  ta
=008  1404160u\\\\0\\\0001ba\\\0\\\\\\\\\\\\\\
=014  1\$a6842792$bOCoLC
=035  \\$a(OCoLC)6842792
=035  \\$a(TestILS)c13396250-01asu_inst
=245  10$aProceedings.
=561  \\$aTESTINST1
=583  \\$acommitted to retain$c20140416$dDecember 31, 2035$fTESTPROGRAM$fTESTPROGRAM Silver$uhttp://localhost/services/testprogram/docs/TESTPROGRAMProgramStatement.pdf
=583  \\$acompleteness reviewed$c20140416$fTESTPROGRAM$fTESTPROGRAM Silver$ivolume-level
=852  0\$aTESTINST1$bHDC$ctestprogram-trust
=866  30$80$a1(1966)-2(1967)

