=LDR  00635nx  a22001811n 4500
=003  TestILS
=004  991027115849703841
=007  ta
=001  221059122460003841
=008  1801235u\\\\0\\\0000ba\\\0\\\\\\
=005  20210520081217.68
=035  \\$a(OCoLC)7023571
=245  10$6880-01$aTamkang journal.$pScience, engineering, and business =$bDanjiang xue bao.$pLi gong shang xue bu men.
=583  \\$acommitted to retain$c20180423$dDecember 31, 2035$fTESTPROGRAM$fTESTPROGRAM Gold$uhttp://localhost/services/testprogram/docs/TESTPROGRAMProgramStatement.pdf
=583  \\$acompleteness reviewed$c20180423$fTESTPROGRAM$fTESTPROGRAM Gold$iissue level
=583  \\$acondition reviewed$c20180423$fTESTPROGRAM$fTESTPROGRAM Gold$iissue level
=561  \\$aTESTINST1
=852  0\$aTESTINST1$bHDC$ctestprogram-trust$hAS 452 .T3x
=866  30$80$a1(1958)-7(1968)

