=LDR  00823nx  a22001931n 4500
=003  TestILS
=004  991027708279703841
=007  ta
=001  221153825580003841
=008  2103280u\\\\0\\\0000ba\\\0\\\\\\
=005  20210520081217.81
=022  \\$a2416-8793
=035  \\$a(OCoLC)894027334
=245  12$aL'Obs.
=583  \\$acommitted to retain$c20210328$d20351231$fTESTPROGRAM$fTESTPROGRAM Gold$uhttp://localhost/services/testprogram/docs/TESTPROGRAMProgramStatement.pdf
=583  \\$acompleteness reviewed$c20210328$fTESTPROGRAM$fTESTPROGRAM Gold$iissue level$lbinding patterns vary$zno.2608(2014) bound with previous title$lmissing issues$zmissing no. 2618(2015)-2619(2015), 2621(2015)-2623(2015), 2625(2015)-2626(2015)
=583  \\$acondition reviewed$c20210328$fTESTPROGRAM$fTESTPROGRAM Gold$iissue level
=561  \\$aTESTINST1
=852  0\$aTESTINST1$bHDC$ctestprogram-trust$hAP20$i.O2
=866  30$80$ano. 2607(2014)-2669(2015)

