=LDR  00598    a2200193 n 4500
=001  22883584760003841
=003  TestILS
=004  991011603309703841
=005  20210520081217.80
=007  ta
=008  1705260u\\\\0\\\0001ba\\\0\\\\\\\\\\\\\\
=014  1\$a1624037$bOCoLC
=022  \\$a0021-1257
=035  \\$a(OCoLC)1624037
=035  \\$a(TestILS)c14147890-01asu_inst
=245  04$aThe Irish journal of education.$bIris Eireannach an oideachais.
=561  \\$aTESTINST1
=583  \\$acommitted to retain$c20170526$dDecember 31, 2035$fTESTPROGRAM$fTESTPROGRAM Bronze$uhttp://localhost/services/testprogram/docs/TESTPROGRAMProgramStatement.pdf
=852  0\$aTESTINST1$bHDC$ctestprogram-trust
=866  30$80$a1(1967)-7(1973), 16(1982)-19(1985)

