=LDR  00675ny  a22002053n 4500
=001  22835013200003841
=003  TestILS
=004  991045216629703841
=005  20210520081218.06
=007  ta
=008  1705080u\\\\0\\\0001ba\\\0\\\\\\\\\\\\\\
=014  1\$a44558504$bOCoLC
=022  \\$a0001-4664
=035  \\$a(OCoLC)44558504
=035  \\$a(TestILS)c14128536-01asu_inst
=245  00$aAccountancy.
=561  \\$aTESTINST1
=583  \\$acommitted to retain$c20170508$dDecember 31, 2035$fTESTPROGRAM$fTESTPROGRAM Silver$uhttp://localhost/services/testprogram/docs/TESTPROGRAMProgramStatement.pdf
=583  \\$acompleteness reviewed$c20170508$fTESTPROGRAM$fTESTPROGRAM Silver$ivolume-level
=852  0\$aTESTINST1$bHDC$ctestprogram-trust
=866  30$80$a125, no.1280(2000)-136(2005)

