=LDR  00642nx  a22001811n 4500
=003  TestILS
=004  991030567169703841
=007  ta
=001  221148379800003841
=008  2006305u\\\\0\\\0000ba\\\0\\\\\\
=005  20210520081217.47
=035  \\$a(OCoLC)9045929
=245  00$aCerámica de cultura Maya.
=583  \\$acommitted to retain$c20200630$dDecember 31, 2035$fTESTPROGRAM$fTESTPROGRAM Gold$uhttp://localhost/services/testprogram/docs/TESTPROGRAMProgramStatement.pdf
=583  \\$acompleteness reviewed$c20200630$fTESTPROGRAM$fTESTPROGRAM Gold$iissue level
=583  \\$acondition reviewed$c20200630$fTESTPROGRAM$fTESTPROGRAM Gold$iissue level
=561  \\$aTESTINST1
=852  0\$aTESTINST1$bHDC$ctestprogram-trust$hF1435.A2$iC43x
=866  30$80$ano. 1(1961)-3(1963)

