=LDR  00695nx  a22001931n 4500
=003  TestILS
=004  991029848359703841
=007  ta
=001  221169449620003841
=008  2105040u\\\\0\\\0000ba\\\0\\\\\\
=005  20210520081217.46
=022  \\$a0744-2580
=035  \\$a(OCoLC)7917347
=245  10$aSummary of proceedings /$cAmerican Nurses' Association ... Convention.
=583  \\$acommitted to retain$c20210504$d20351231$fTESTPROGRAM$fTESTPROGRAM Gold$uhttp://localhost/services/testprogram/docs/TESTPROGRAMProgramStatement.pdf
=583  \\$acompleteness reviewed$c20210504$fTESTPROGRAM$fTESTPROGRAM Gold$iissue level$lmissing issues$zmissing no.51(1978)
=583  \\$acondition reviewed$c20210504$fTESTPROGRAM$fTESTPROGRAM Gold$iissue level
=561  \\$aTESTINST1
=852  0\$aTESTINST1$bHDC$ctestprogram-trust$hRT1$i.A6235
=866  30$80$ano. 52(1980)-53(1982)

