=LDR  00540ny  a22001693n 4500
=003  TestILS
=004  991046186249703841
=005  20210520081217.73
=001  221098637430003841
=007  ta
=008  1901110u\\\\0\\\0001aa\\\0\\\\\\\\\\\\\8
=022  \\$a1515-6125
=035  \\$a(OCoLC)45478762
=245  00$aCuadernos del CILHA :$brevista del Centro Interdisciplinario de Literatura Hispanoamericana /$cCILHA, Centro Intercientífico de Literatura Hispanoamericana.
=561  \\$aTESTINST1
=583  \\$acommitted to retain$c20190111$dDecember 31, 2035$fTESTPROGRAM$fTESTPROGRAM Bronze$uhttp://localhost/services/testprogram/docs/TESTPROGRAMProgramStatement.pdf
=852  0\$aTESTINST1$bHDC$ctestprogram-trust$hPQ7081.A1$iC84
=866  30$80$a1(1999)-3(2003), 6(2004)-11(2010)

