=LDR  00755    a2200229 n 4500
=001  22927155710003841
=003  TestILS
=004  991011769639703841
=005  20210520081217.56
=007  ta
=008  1605010u\\\\0\\\0001ba\\\0\\\\\\\\\\\\\\
=014  1\$a1776346$bOCoLC
=022  \\$a0340-4811
=030  \\$aZTAKDZ
=035  \\$a(OCoLC)1776346
=035  \\$a(TestILS)c13791047-01asu_inst
=245  00$aZeitschrift für Naturforschung.$nTeil A,$pPhysik, physikalische Chemie, Kosmophysik.
=561  \\$aTESTINST1
=583  \\$acommitted to retain$c20160501$dDecember 31, 2035$fTESTPROGRAM$fTESTPROGRAM Gold$uhttp://localhost/services/testprogram/docs/TESTPROGRAMProgramStatement.pdf
=583  \\$acompleteness reviewed$c20160501$fTESTPROGRAM$fTESTPROGRAM Gold$iissue-level
=583  \\$acondition reviewed$c20160501$fTESTPROGRAM$fTESTPROGRAM Gold$iissue-level
=852  0\$aTESTINST1$bHDC$ctestprogram-trust
=866  30$80$a27(1972)-41(1986)

