=LDR  00559nx  a22001691n 4500
=003  TestILS
=004  991004851719703841
=007  ta
=001  221157080700003841
=008  2011240u\\\\0\\\0000ba\\\0\\\\\\
=005  20210520081218.09
=035  \\$a(OCoLC)23831575
=245  00$aStanger's selling mutual funds.
=583  \\$acommitted to retain$c20201124$dDecember 31, 2035$fTESTPROGRAM$fTESTPROGRAM Silver$uhttp://localhost/services/testprogram/docs/TESTPROGRAMProgramStatement.pdf
=583  \\$acompleteness reviewed$c20201124$fTESTPROGRAM$fTESTPROGRAM Silver$ivolume level
=561  \\$aTESTINST1
=852  0\$aTESTINST1$bHDC$ctestprogram-trust$hHG4930$i.S72x
=866  30$80$a(1991)

