=LDR  00652nx  a22001931n 4500
=003  TestILS
=004  991045444489703841
=007  ta
=001  221171363590003841
=008  2105180u\\\\0\\\0000ba\\\0\\\\\\
=005  20210520081218.07
=022  \\$a0273-4230
=035  \\$a(OCoLC)44906241
=245  14$aThe corrections yearbook.$pPrivate correctional facilities.
=583  \\$acommitted to retain$c20210514$d20351231$fTESTPROGRAM$fTESTPROGRAM Gold$uhttp://localhost/services/testprogram/docs/TESTPROGRAMProgramStatement.pdf
=583  \\$acompleteness reviewed$c20210514$fTESTPROGRAM$fTESTPROGRAM Gold$iissue level
=583  \\$acondition reviewed$c20210514$fTESTPROGRAM$fTESTPROGRAM Gold$iissue level
=561  \\$aTESTINST1
=852  0\$aTESTINST1$bHDC$ctestprogram-trust$hHV8482$i.A36
=866  30$80$a(1999)-(2000)

