=LDR  00954    a2200229 n 4500
=001  22934840510003841
=003  TestILS
=004  991028920069703841
=005  20210520081218.20
=007  ta
=008  1505010u\\\\0\\\0001ba\\\0\\\\\\\\\\\\\\
=014  1\$a8563620$bOCoLC
=022  0\$a0744-7868
=035  \\$a(OCoLC)8563620
=035  \\$a(TestILS)c13596020-01asu_inst
=245  00$a80 micro.
=561  \\$aTESTINST1
=561  \\$aUUS
=583  \\$acommitted to retain$c20150501$dDecember 31, 2035$fTESTPROGRAM$fTESTPROGRAM Gold$uhttp://localhost/services/testprogram/docs/TESTPROGRAMProgramStatement.pdf
=583  \\$acompleteness reviewed$c20150501$fTESTPROGRAM$fTESTPROGRAM Gold$iissue-level$lbinding patterns vary$zfor no. 30-59, three issues bound together as single piece; for no.60-101; six volumes bound together as single piece
=583  \\$acondition reviewed$c20150501$fTESTPROGRAM$fTESTPROGRAM Gold$iissue-level$lmissing image$zmissing image no.88 pg 7
=852  0\$aTESTINST1$bHDC$ctestprogram-trust$hQA76.8 .T18$iE55
=866  30$80$a30(1982)-101(1988)

