=LDR  00878nx  a22001931n 4500
=003  TestILS
=004  991011534639703841
=007  ta
=001  221065847420003841
=008  1805040u\\\\0\\\0000ba\\\0\\\\\\
=005  20210520081217.94
=022  \\$a0011-250X
=035  \\$a(OCoLC)1565548
=245  00$aCuadernos hispanoamericanos.
=583  \\$acommitted to retain$c20180504$dDecember 31, 2035$fTESTPROGRAM$fTESTPROGRAM Silver$uhttp://localhost/services/testprogram/docs/TESTPROGRAMProgramStatement.pdf
=583  \\$acompleteness reviewed$c20180504$fTESTPROGRAM$fTESTPROGRAM Silver$ivolume level$lmissing volumes$zmissing no.115; no.121-123; no.148-149; no.412-415; no.425-426; no.442-443; no.628
=561  \\$aTESTINST1
=852  0\$aTESTINST1$bHDC$ctestprogram-trust$hAP63  .C6697
=866  30$80$ano.1(1948)-114(1959), 116(1959)-120(1959), 124(1960)-147(1962), 150(1962)-411(1984), 416(1985)-424(1985), 427(1986)-441(1987), 444(1987)-627(2002), 629(2002)-666(2005)
=867  30$80$a(1989)-(1995)

