=LDR  00697nx  a22001931n 4500
=003  TestILS
=004  991011779269703841
=007  ta
=001  221154936670003841
=008  2103310u\\\\0\\\0000ba\\\0\\\\\\
=005  20210520081217.57
=022  \\$a0380-6596
=035  \\$a(OCoLC)1781464
=245  00$aExile ;$bthe literary quarterly.
=583  \\$acommitted to retain$c20210331$d20351231$fTESTPROGRAM$fTESTPROGRAM Gold$uhttp://localhost/services/testprogram/docs/TESTPROGRAMProgramStatement.pdf
=583  \\$acompleteness reviewed$c20210331$fTESTPROGRAM$fTESTPROGRAM Gold$iissue level$lmissing issues$zmissing v.1(1972-74)
=583  \\$acondition reviewed$c20210331$fTESTPROGRAM$fTESTPROGRAM Gold$iissue level
=561  \\$aTESTINST1
=852  0\$aTESTINST1$bHDC$ctestprogram-trust$hPN6010.5$i.E9x
=866  30$80$a2(1974/75)-39(2015)

