=LDR  00745nx  a22001931n 4500
=003  TestILS
=004  991020804999703841
=007  ta
=001  221067404780003841
=008  1805165u\\\\0\\\0000ba\\\0\\\\\\
=005  20210520081217.83
=022  \\$a0736-0673
=035  \\$a(OCoLC)4215839
=245  00$aNotes on linguistics.
=583  \\$acommitted to retain$c20180523$dDecember 31, 2035$fTESTPROGRAM$fTESTPROGRAM Gold$uhttp://localhost/services/testprogram/docs/TESTPROGRAMProgramStatement.pdf
=583  \\$acompleteness reviewed$c20180523$fTESTPROGRAM$fTESTPROGRAM Gold$iissue level$lmissing volumes$zmissing no.67; v.1; v.4:3
=583  \\$acondition reviewed$c20180523$fTESTPROGRAM$fTESTPROGRAM Gold$iissue level
=561  \\$aTESTINST1
=852  0\$aTESTINST1$bHDC$ctestprogram-trust$hP1 .N6x
=866  30$80$ano.1(1977)-no. 66(1994), 68(1995)-83(1998); 2(1999)-4(2001)

