=LDR  00708ny  a22002053n 4500
=001  22907547450003841
=003  TestILS
=004  991042404569703841
=005  20210520081217.60
=007  ta
=008  1206140u\\\\0\\\0001ba\\\0\\\\\\\\\\\\\\
=014  1\$a20436965$bOCoLC
=035  \\$a(OCoLC)20436965
=035  \\$a(TestILS)c12793516-01asu_inst
=245  00$aTravaux de linguistique et de philologie.
=561  \\$aTESTINST1
=583  \\$acommitted to retain$c20120614$dDecember 31, 2035$fTESTPROGRAM$fTESTPROGRAM Gold$uhttp://localhost/services/testprogram/docs/TESTPROGRAMProgramStatement.pdf
=583  \\$acompleteness reviewed$c20120614$fTESTPROGRAM$fTESTPROGRAM Gold$iissue-level
=583  \\$acondition reviewed$c20120614$fTESTPROGRAM$fTESTPROGRAM Gold$iissue-level
=852  0\$aTESTINST1$bHDC$ctestprogram-trust
=866  30$80$a26(1988)-38(2000)

