=LDR  00697nx  a22001931n 4500
=003  TestILS
=004  991014225999703841
=007  ta
=001  221154936470003841
=008  2104115u\\\\0\\\0000ba\\\0\\\\\\
=005  20210520081218.16
=022  \\$a0749-1816
=035  \\$a(OCoLC)2776845
=245  00$aAwanyu.
=583  \\$acommitted to retain$c20210411$d20351231$fTESTPROGRAM$fTESTPROGRAM Gold$uhttp://localhost/services/testprogram/docs/TESTPROGRAMProgramStatement.pdf
=583  \\$acompleteness reviewed$c20210411$fTESTPROGRAM$fTESTPROGRAM Gold$iissue level$lmissing issues$zmissing v.6(1978)-31:1(2003)
=583  \\$acondition reviewed$c20210411$fTESTPROGRAM$fTESTPROGRAM Gold$iissue level
=561  \\$aTESTINST1
=852  0\$aTESTINST1$bHDC$ctestprogram-trust$hF798$i.A9x
=866  30$80$a1(1973)-5(1977)

