=LDR  00725ny  a22002173n 4500
=001  22883584490003841
=003  TestILS
=004  991023620119703841
=005  20210520081217.77
=007  ta
=008  1605200u\\\\0\\\0001ba\\\0\\\\\\\\\\\\\\
=014  1\$a32160119$bOCoLC
=022  \\$a1173-2032
=035  \\$a(OCoLC)32160119
=035  \\$a(TestILS)c13794371-01asu_inst
=245  10$aNursing New Zealand =$bKai tiaki.
=561  \\$aTESTINST1
=583  \\$acommitted to retain$c20160520$dDecember 31, 2035$fTESTPROGRAM$fTESTPROGRAM Silver$uhttp://localhost/services/testprogram/docs/TESTPROGRAMProgramStatement.pdf
=583  \\$acompleteness reviewed$c20160520$fTESTPROGRAM$fTESTPROGRAM Silver$ivolume-level$lmissing volumes$zmissing v.9-11
=852  0\$aTESTINST1$bHDC$ctestprogram-trust
=866  30$80$a1(1995)-8(2002)
=867  30$80$a3(1997/98)

