=LDR  00764ny  a22002293n 4500
=001  22939048100003841
=003  TestILS
=004  991011693609703841
=005  20210520081217.86
=007  ta
=008  1206130u\\\\0\\\0001ba\\\0\\\\\\\\\\\\\\
=014  1\$a1756496$bOCoLC
=022  \\$a0025-0538
=035  \\$a(OCoLC)1756496
=035  \\$a(TestILS)c12792779-01asu_inst
=245  00$aMaia.
=561  \\$aTESTINST1
=561  \\$aAZU
=583  \\$acommitted to retain$c20120613$dDecember 31, 2035$fTESTPROGRAM$fTESTPROGRAM Gold$uhttp://localhost/services/testprogram/docs/TESTPROGRAMProgramStatement.pdf
=583  \\$acompleteness reviewed$c20120613$fTESTPROGRAM$fTESTPROGRAM Gold$iissue-level
=583  \\$acondition reviewed$c20120613$fTESTPROGRAM$fTESTPROGRAM Gold$iissue-level
=852  0\$aTESTINST1$bHDC$ctestprogram-trust$hPA9$i.M378x
=866  30$80$a1(1948)-57(2005)

