=LDR  00672nx  a22001811n 4500
=003  TestILS
=004  991044162459703841
=007  ta
=001  221033758340003841
=008  1708280u\\\\0\\\0000ba\\\0\\\\\\
=005  20210520081217.51
=035  \\$a(OCoLC)19542435
=245  00$aAnnual summary of investigations relating to reading.
=583  \\$acommitted to retain$c20170828$dDecember 31, 2035$fTESTPROGRAM$fTESTPROGRAM Gold$uhttp://localhost/services/testprogram/docs/TESTPROGRAMProgramStatement.pdf
=583  \\$acompleteness reviewed$c20170828$fTESTPROGRAM$fTESTPROGRAM Gold$iissue-level
=583  \\$acondition reviewed$c20170828$fTESTPROGRAM$fTESTPROGRAM Gold$iissue-level$lmarginalia$zpencil marks 1994/1995
=561  \\$aTESTINST1
=852  0\$aTESTINST1$bHDC$ctestprogram-trust$hLB1050$i.I49x
=866  30$80$a(1987)-(1996)

