=LDR  00819    a2200217 n 4500
=001  22952643250003841
=003  TestILS
=004  991011437339703841
=005  20210520081217.70
=007  ta
=008  1605010u\\\\0\\\0001ba\\\0\\\\\\\\\\\\\\
=014  1\$a1338346$bOCoLC
=022  \\$a0036-5653
=035  \\$a(OCoLC)1338346
=035  \\$a(TestILS)c13792635-01asu_inst
=245  00$aScandinavica.
=561  \\$aTESTINST1
=583  \\$acommitted to retain$c20160501$dDecember 31, 2035$fTESTPROGRAM$fTESTPROGRAM Gold$uhttp://localhost/services/testprogram/docs/TESTPROGRAMProgramStatement.pdf
=583  \\$acompleteness reviewed$c20160501$fTESTPROGRAM$fTESTPROGRAM Gold$iissue-level$lmissing volumes$zmissing v.2-23$lmissing issues$zmissing v.1:2
=583  \\$acondition reviewed$c20160501$fTESTPROGRAM$fTESTPROGRAM Gold$iissue-level
=852  0\$aTESTINST1$bHDC$ctestprogram-trust$hPT7001$i.S25
=866  30$80$a1(1962), 24(1985)-45(2006)

