=LDR  00696    a2200205 n 4500
=001  22909569950003841
=003  TestILS
=004  991025068609703841
=005  20210520081217.43
=007  ta
=008  1306040u\\\\0\\\0001ba\\\0\\\\\\\\\\\\\\
=014  1\$a6096881$bOCoLC
=035  \\$a(OCoLC)6096881
=035  \\$a(TestILS)c13182924-01asu_inst
=245  10$aB.O.L.S.A. review.
=561  \\$aTESTINST1
=583  \\$acommitted to retain$c20130604$dDecember 31, 2035$fTESTPROGRAM$fTESTPROGRAM Gold$uhttp://localhost/services/testprogram/docs/TESTPROGRAMProgramStatement.pdf
=583  \\$acompleteness reviewed$c20130604$fTESTPROGRAM$fTESTPROGRAM Gold$iissue-level
=583  \\$acondition reviewed$c20130604$fTESTPROGRAM$fTESTPROGRAM Gold$iissue-level
=852  0\$aTESTINST1$bHDC$ctestprogram-trust
=866  30$80$a1(1967)

