=LDR  00605    a2200205 n 4500
=001  22935344610003841
=003  TestILS
=004  991046087929703841
=005  20210520081217.73
=007  ta
=008  1505290u\\\\0\\\0001ba\\\0\\\\\\\\\\\\\\
=014  1\$a21269746$bOCoLC
=022  0\$a1049-6491
=030  \\$aJPRMEP
=035  \\$a(OCoLC)21269746
=035  \\$a(TestILS)c13606712-01asu_inst
=245  00$aJournal of promotion management :$bJPM.
=561  \\$aTESTINST1
=583  \\$acommitted to retain$c20130614$dDecember 31, 2035$fTESTPROGRAM$fTESTPROGRAM Bronze$uhttp://localhost/services/testprogram/docs/TESTPROGRAMProgramStatement.pdf
=852  0\$aTESTINST1$bHDC$ctestprogram-trust
=866  30$80$a7(2001)-12(2006)

