=LDR  00685ny  a22002053n 4500
=001  22818078830003841
=003  TestILS
=004  991027477699703841
=005  20210520081217.81
=007  ta
=008  1502200u\\\\0\\\0001ba\\\0\\\\\\\\\\\\\\
=014  1\$a5091399$bOCoLC
=022  \\$a0154-9960$l0154-9960
=035  \\$a(OCoLC)5091399
=035  \\$a(TestILS)c13568838-01asu_inst
=245  00$aQuestions féministes.
=561  \\$aCUZ
=583  \\$acommitted to retain$c20150220$dDecember 31, 2035$fTESTPROGRAM$fTESTPROGRAM Silver$uhttp://localhost/services/testprogram/docs/TESTPROGRAMProgramStatement.pdf
=583  \\$acompleteness reviewed$c20150220$fTESTPROGRAM$fTESTPROGRAM Silver$ivolume-level
=852  0\$aTESTINST1$bHDC$ctestprogram-trust$hHQ1102$i.Q47
=866  30$80$a1(1977)-8(1980)

