=LDR  00754ny  a22002173n 4500
=001  22938108530003841
=003  TestILS
=004  991023520329703841
=005  20210520081217.77
=007  ta
=008  1305300u\\\\0\\\0001ba\\\0\\\\\\\\\\\\\\
=014  1\$a29750095$bOCoLC
=022  \\$a1021-7762
=030  \\$aFPLOEP
=035  \\$a(OCoLC)29750095
=035  \\$a(TestILS)c13181531-01asu_inst
=245  00$aFolia phoniatrica et logopaedica :$bofficial organ of the International Association of Logopedics and Phoniatrics (IALP).
=561  \\$aTESTINST1
=583  \\$acommitted to retain$c20130530$dDecember 31, 2035$fTESTPROGRAM$fTESTPROGRAM Silver$uhttp://localhost/services/testprogram/docs/TESTPROGRAMProgramStatement.pdf
=583  \\$acompleteness reviewed$c20130530$fTESTPROGRAM$fTESTPROGRAM Silver$ivolume-level$lbinding patterns vary$zvols. 46-47 bound together as single piece
=852  0\$aTESTINST1$bHDC$ctestprogram-trust
=866  30$80$a46(1994)-57(2005)

