=LDR  00697nx  a22001931n 4500
=003  TestILS
=004  991022859569703841
=007  ta
=001  221159188040003841
=008  2102175u\\\\0\\\0000ba\\\0\\\\\\
=005  20210520081218.14
=022  \\$a0193-9777
=035  \\$a(OCoLC)5293968
=245  00$aIrish renaissance annual.
=583  \\$acommitted to retain$c20210217$d20351231$fTESTPROGRAM$fTESTPROGRAM Gold$uhttp://localhost/services/testprogram/docs/TESTPROGRAMProgramStatement.pdf
=583  \\$acompleteness reviewed$c20210217$fTESTPROGRAM$fTESTPROGRAM Gold$iissue level$lmissing issues$zmissing v.3(1982)
=583  \\$acondition reviewed$c20210217$fTESTPROGRAM$fTESTPROGRAM Gold$iissue level
=561  \\$aTESTINST1
=852  0\$aTESTINST1$bHDC$ctestprogram-trust$hPR8753$i.I7x
=866  30$80$a1(1980)-2(1981), 4(1983)

