=LDR  00667nx  a22001931n 4500
=003  TestILS
=004  991018845339703841
=007  ta
=001  221134648500003841
=008  1912315u\\\\0\\\0000ba\\\0\\\\\\
=005  20210520081217.71
=022  \\$a0161-3650
=035  \\$a(OCoLC)3901619
=245  10$aNAGWS guide:$pBasketball, volleyball.
=583  \\$acommitted to retain$c20191231$dDecember 31, 2035$fTESTPROGRAM$fTESTPROGRAM Gold$uhttp://localhost/services/testprogram/docs/TESTPROGRAMProgramStatement.pdf
=583  \\$acompleteness reviewed$c20191231$fTESTPROGRAM$fTESTPROGRAM Gold$iissue level
=583  \\$acondition reviewed$c20191231$fTESTPROGRAM$fTESTPROGRAM Gold$iissue level
=561  \\$aTESTINST1
=852  0\$aTESTINST1$bHDC$ctestprogram-trust$hGV885.3$i.N3x
=866  30$80$a(1977/79)-(1981/83)

