=LDR  00913    a2200229 n 4500
=001  22819267670003841
=003  TestILS
=004  991011508249703841
=005  20210520081217.45
=007  ta
=008  1305290u\\\\0\\\0001ba\\\0\\\\\\\\\\\\\\
=014  1\$a1537337$bOCoLC
=022  \\$a0007-1471
=035  \\$a(OCoLC)1537337
=035  \\$a(TestILS)c13181221-01asu_inst
=245  00$aBulletin of the British Museum (Natural History).$pGeology.
=561  \\$aTESTINST1
=561  \\$aCIT
=583  \\$acommitted to retain$c20130529$dDecember 31, 2035$fTESTPROGRAM$fTESTPROGRAM Gold$uhttp://localhost/services/testprogram/docs/TESTPROGRAMProgramStatement.pdf
=583  \\$acompleteness reviewed$c20130529$fTESTPROGRAM$fTESTPROGRAM Gold$iissue-level$lmissing volumes$zmissing vols. 1-2, 4-6, 11, 13$lmissing issues$zmissing vol. 14 issues 1-5,7; 15 issues 1-2
=583  \\$acondition reviewed$c20130529$fTESTPROGRAM$fTESTPROGRAM Gold$iissue-level
=852  0\$aTESTINST1$bHDC$ctestprogram-trust$hQE1$i.B65
=866  30$80$a3(1958), 7(1962)-10(1965), 12(1966), 14(1967)-29(1977/78)

