=LDR  00691nx  a22001811n 4500
=003  TestILS
=004  991030570239703841
=007  ta
=001  221106397790003841
=008  1905150u\\\\0\\\0000ba\\\0\\\\\\
=005  20210520081217.47
=022  \\$a0747-5284
=035  \\$a(OCoLC)9107554
=245  00$aSculpture review.
=583  \\$acommitted to retain$c20190515$dDecember 31, 2035$fTESTPROGRAM$fTESTPROGRAM Silver$uhttp://localhost/services/testprogram/docs/TESTPROGRAMProgramStatement.pdf
=583  \\$acompleteness reviewed$c20190515$fTESTPROGRAM$fTESTPROGRAM Silver$ivolume level$lmissing volumes$zmissing v.31:4(1981)-34(1985/1986); 45:3(1997); v.47:3-4(1998); v.49:1(2000)
=561  \\$aTESTINST1
=852  0\$aTESTINST1$bHDC$ctestprogram-trust$hNB1$i.N29
=866  30$80$a35(1986/1987)-64(2015)

