=LDR  00750    a2200229 n 4500
=001  22924782000003841
=003  TestILS
=004  991002152149703841
=005  20210520081217.78
=007  ta
=008  1401170u\\\\0\\\0001ba\\\0\\\\\\\\\\\\\\
=014  1\$a21389482$bOCoLC
=022  0\$a1050-0820
=035  \\$a(OCoLC)21389482
=035  \\$a(TestILS)c1337977x-01asu_inst
=245  00$aMoody's ... annual bond record.
=561  \\$aTESTINST1
=561  \\$aWAU
=583  \\$acommitted to retain$c20140117$dDecember 31, 2035$fTESTPROGRAM$fTESTPROGRAM Gold$uhttp://localhost/services/testprogram/docs/TESTPROGRAMProgramStatement.pdf
=583  \\$acompleteness reviewed$c20140117$fTESTPROGRAM$fTESTPROGRAM Gold$iissue-level
=583  \\$acondition reviewed$c20140117$fTESTPROGRAM$fTESTPROGRAM Gold$iissue-level
=852  0\$aTESTINST1$bHDC$ctestprogram-trust
=866  30$80$a(1989)-(1998)

