=LDR  00711nx  a22001811n 4500
=003  TestILS
=004  991028889359703841
=007  ta
=001  221171326850003841
=008  2105160u\\\\0\\\0000ba\\\0\\\\\\
=005  20210520081217.81
=035  \\$a(OCoLC)8089264
=245  00$aDirectory of Latin Americanists at Arizona State University.
=583  \\$acommitted to retain$c20210514$d20351231$fTESTPROGRAM$fTESTPROGRAM Gold$uhttp://localhost/services/testprogram/docs/TESTPROGRAMProgramStatement.pdf
=583  \\$acompleteness reviewed$c20210514$fTESTPROGRAM$fTESTPROGRAM Gold$iissue level$lmissing issues$zmissing (1973/74)-(1982/83), (1984/85)-(1992), (1994) and after
=583  \\$acondition reviewed$c20210514$fTESTPROGRAM$fTESTPROGRAM Gold$iissue level
=561  \\$aTESTINST1
=852  0\$aTESTINST1$bHDC$ctestprogram-trust$hF1409.9$i.D57
=866  30$80$a(1983/84), (1993)

