=LDR  00884    a2200217 n 4500
=001  22904358180003841
=003  TestILS
=004  991011627459703841
=005  20210520081217.91
=007  ta
=008  1404160u\\\\0\\\0001ba\\\0\\\\\\\\\\\\\\
=014  1\$a1644204$bOCoLC
=022  0\$a0036-6676
=035  \\$a(OCoLC)1644204
=035  \\$a(TestILS)c13402183-01asu_inst
=245  04$aThe School musician director and teacher.
=561  \\$aTESTINST1
=583  \\$acommitted to retain$c20140416$dDecember 31, 2035$fTESTPROGRAM$fTESTPROGRAM Gold$uhttp://localhost/services/testprogram/docs/TESTPROGRAMProgramStatement.pdf
=583  \\$acompleteness reviewed$c20140416$fTESTPROGRAM$fTESTPROGRAM Gold$iissue-level$lmissing volumes$zmissing vols. 47-58$lmissing pages$zmissing pages vol. 34 issue 1
=583  \\$acondition reviewed$c20140416$fTESTPROGRAM$fTESTPROGRAM Gold$iissue-level$ltight binding$ztight binding for vols. 36, 43
=852  0\$aTESTINST1$bHDC$ctestprogram-trust$hML1$i.S36
=866  30$80$a36(1964/1965)-46(1974/1975)

