=LDR  00788    a2200229 n 4500
=001  22831753070003841
=003  TestILS
=004  991035482069703841
=005  20210520081218.02
=007  ta
=008  1505190u\\\\0\\\0001ba\\\0\\\\\\\\\\\\\\
=014  1\$a11960455$bOCoLC
=022  0\$a1062-7685
=035  \\$a(OCoLC)11960455
=035  \\$a(TestILS)c13604600-01asu_inst
=245  00$aMoody's investors industry review.
=561  \\$aTESTINST1
=561  \\$aNTD
=583  \\$acommitted to retain$c20150519$dDecember 31, 2035$fTESTPROGRAM$fTESTPROGRAM Gold$uhttp://localhost/services/testprogram/docs/TESTPROGRAMProgramStatement.pdf
=583  \\$acompleteness reviewed$c20150519$fTESTPROGRAM$fTESTPROGRAM Gold$iissue-level$lmissing issues$zmissing 1985 Jan-Jun
=583  \\$acondition reviewed$c20150519$fTESTPROGRAM$fTESTPROGRAM Gold$iissue-level
=852  0\$aTESTINST1$bHDC$ctestprogram-trust
=866  30$80$a(1984)-(1989)

