=LDR  00682ny  a22002173n 4500
=001  22867058040003841
=003  TestILS
=004  991046965419703841
=005  20210520081217.39
=007  ta
=008  1206250u\\\\0\\\0001ba\\\0\\\\\\\\\\\\\\
=014  1\$a48238953$bOCoLC
=022  0\$a1537-5927
=035  \\$a(OCoLC)48238953
=035  \\$a(TestILS)c12806730-01asu_inst
=245  00$aPerspectives on politics /$cAmerican Political Science Association.
=561  \\$aTESTINST1
=561  \\$aAZC
=583  \\$acommitted to retain$c20120625$dDecember 31, 2035$fTESTPROGRAM$fTESTPROGRAM Silver$uhttp://localhost/services/testprogram/docs/TESTPROGRAMProgramStatement.pdf
=583  \\$acompleteness reviewed$c20120625$fTESTPROGRAM$fTESTPROGRAM Silver$ivolume-level
=852  0\$aTESTINST1$bHDC$ctestprogram-trust
=866  30$80$a1(2003)-3(2005)

