=LDR  00727nx  a22001931n 4500
=003  TestILS
=004  991018617429703841
=007  ta
=001  221117229380003841
=008  1908165u\\\\0\\\0000ba\\\0\\\\\\
=005  20210520081217.64
=022  \\$a0896-7792
=035  \\$a(OCoLC)17287247
=245  00$aFinancial aid for veterans, military personnel, and their dependents.
=583  \\$acommitted to retain$c20190823$dDecember 31, 2035$fTESTPROGRAM$fTESTPROGRAM Gold$uhttp://localhost/services/testprogram/docs/TESTPROGRAMProgramStatement.pdf
=583  \\$acompleteness reviewed$c20190823$fTESTPROGRAM$fTESTPROGRAM Gold$iissue level$lmissing issues$zmissing (1988/89), (2010/12), (2012/14)
=583  \\$acondition reviewed$c20190823$fTESTPROGRAM$fTESTPROGRAM Gold$iissue level
=561  \\$aTESTINST1
=852  0\$aTESTINST1$bHDC$ctestprogram-trust$hUB403$i.F47
=866  30$80$a(1992/1994)-(2008/2010)

