=LDR  00705ny  a22002173n 4500
=001  22931138470003841
=003  TestILS
=004  991008076949703841
=005  20210520081217.50
=007  ta
=008  1306140u\\\\0\\\0001ba\\\0\\\\\\\\\\\\\\
=014  1\$a3833718$bOCoLC
=022  0\$a0888-1685$l0888-1685
=035  \\$a(OCoLC)3833718
=035  \\$a(TestILS)c13216934-01asu_inst
=245  00$aNABE :$bthe journal of the National Association for Bilingual Education.
=561  \\$aTESTINST1
=561  \\$aAZU
=583  \\$acommitted to retain$c20130614$dDecember 31, 2035$fTESTPROGRAM$fTESTPROGRAM Silver$uhttp://localhost/services/testprogram/docs/TESTPROGRAMProgramStatement.pdf
=583  \\$acompleteness reviewed$c20130614$fTESTPROGRAM$fTESTPROGRAM Silver$ivolume-level
=852  0\$aTESTINST1$bHDC$ctestprogram-trust$hLC3701$i.N3x
=866  30$80$a1(1976)-2(1978)

