=LDR  00885    a2200241 n 4500
=001  22952395750003841
=003  TestILS
=004  991011679889703841
=005  20210520081218.12
=007  ta
=008  1405080u\\\\0\\\0001ba\\\0\\\\\\\\\\\\\\
=014  1\$a1753663$bOCoLC
=022  \\$a0020-9198
=035  \\$a(OCoLC)1753663
=035  \\$a(TestILS)c13402948-01asu_inst
=245  00$aInternational P.E.N. bulletin of selected books.
=561  \\$aTESTINST1
=561  \\$aNTD
=561  \\$aSTA
=583  \\$acommitted to retain$c20140508$dDecember 31, 2035$fTESTPROGRAM$fTESTPROGRAM Gold$uhttp://localhost/services/testprogram/docs/TESTPROGRAMProgramStatement.pdf
=583  \\$acompleteness reviewed$c20140508$fTESTPROGRAM$fTESTPROGRAM Gold$iissue-level$lmissing issues$zmissing vol. 1 issues 3-4; vol. 2 issues 1,3-4; vol. 3 issue 4; vol. 4 issue 4; vol. 5 issue 2-4
=583  \\$acondition reviewed$c20140508$fTESTPROGRAM$fTESTPROGRAM Gold$iissue-level
=852  0\$aTESTINST1$bHDC$ctestprogram-trust
=866  30$80$a1(1950)-31(1981)

