=LDR  00570nx  a22001691n 4500
=003  TestILS
=004  991011889459703841
=007  ta
=001  221106265880003841
=008  1905090u\\\\0\\\0000ba\\\0\\\\\\
=005  20210520081217.66
=035  \\$a(OCoLC)2239348
=245  00$aLibrary journal/School library journal previews.$pNews and reviews of non-print media.
=583  \\$acommitted to retain$c20190509$dDecember 31, 2035$fTESTPROGRAM$fTESTPROGRAM Silver$uhttp://localhost/services/testprogram/docs/TESTPROGRAMProgramStatement.pdf
=583  \\$acompleteness reviewed$c20190509$fTESTPROGRAM$fTESTPROGRAM Silver$ivolume level
=561  \\$aTESTINST1
=852  0\$aTESTINST1$bHDC$ctestprogram-trust$hZ689$i.L53
=866  30$80$a1(1972)-2, no.3(1973)

