=LDR  00782ny  a22002173n 4500
=001  22815119900003841
=003  TestILS
=004  991011746749703841
=005  20210520081217.49
=007  ta
=008  1505220u\\\\0\\\0001ba\\\0\\\\\\\\\\\\\\
=014  1\$a1767964$bOCoLC
=022  0\$a0041-5278
=035  \\$a(OCoLC)1767964
=035  \\$a(TestILS)c13604946-01asu_inst
=245  04$aThe Unesco courier.
=561  \\$aTESTINST1
=561  \\$aCCO
=583  \\$acommitted to retain$c20150522$dDecember 31, 2035$fTESTPROGRAM$fTESTPROGRAM Silver$uhttp://localhost/services/testprogram/docs/TESTPROGRAMProgramStatement.pdf
=583  \\$acompleteness reviewed$c20150522$fTESTPROGRAM$fTESTPROGRAM Silver$ivolume-level$lmissing volumes$zmissing v.2:1-2,4-5,7,9-10; v.3:1-5; v.14 Jan-JUN; v.34 January
=852  0\$aTESTINST1$bHDC$ctestprogram-trust$hAS4.U8$iA14
=866  30$80$a2(1949)-37,no.11(1984)

