=LDR  00625nx  a22001811n 4500
=003  TestILS
=004  991045559169703841
=007  ta
=001  221109137970003841
=008  1905210u\\\\0\\\0000ba\\\0\\\\\\
=005  20210520081218.07
=022  \\$a1946-8776
=035  \\$a(OCoLC)42930547
=245  00$aNet connect.
=583  \\$acommitted to retain$c20190521$dDecember 31, 2035$fTESTPROGRAM$fTESTPROGRAM Silver$uhttp://localhost/services/testprogram/docs/TESTPROGRAMProgramStatement.pdf
=583  \\$acompleteness reviewed$c20190521$fTESTPROGRAM$fTESTPROGRAM Silver$ivolume level$lmissing volumes$zmissing (1999)
=561  \\$aTESTINST1
=852  0\$aTESTINST1$bHDC$ctestprogram-trust$hZ692.C65$iL52
=866  30$80$a(2000)-(2008)

