=LDR  00774nx  a22001931n 4500
=003  TestILS
=004  991011802329703841
=007  ta
=001  221115173400003841
=008  1908165u\\\\0\\\0000ba\\\0\\\\\\
=005  20210520081217.98
=022  \\$a0090-9939
=035  \\$a(OCoLC)1785929
=245  00$aGuide to departments of anthropology.
=583  \\$acommitted to retain$c20190823$dDecember 31, 2035$fTESTPROGRAM$fTESTPROGRAM Gold$uhttp://localhost/services/testprogram/docs/TESTPROGRAMProgramStatement.pdf
=583  \\$acompleteness reviewed$c20190823$fTESTPROGRAM$fTESTPROGRAM Gold$iissue level$lmissing issues$zmissing (1969/70), (1970/71), (1975/76), (1977/1978)
=583  \\$acondition reviewed$c20190823$fTESTPROGRAM$fTESTPROGRAM Gold$iissue level
=561  \\$aTESTINST1
=852  0\$aTESTINST1$bHDC$ctestprogram-trust$hGN2$i.G8
=866  30$80$a(1971/1972)-(1974/1975), (1976/1977), (1978/1979)-(1988/1989)

