=LDR  00721ny  a22002173n 4500
=001  22819055090003841
=003  TestILS
=004  991011500149703841
=005  20210520081217.45
=007  ta
=008  1705080u\\\\0\\\0001ba\\\0\\\\\\\\\\\\\\
=014  1\$a1519482$bOCoLC
=022  0\$a0005-8661$l0005-8661
=035  \\$a(OCoLC)1519482
=035  \\$a(TestILS)c14147221-01asu_inst
=245  04$aThe Beloit poetry journal.
=561  \\$aTESTINST1
=583  \\$acommitted to retain$c20170508$dDecember 31, 2035$fTESTPROGRAM$fTESTPROGRAM Silver$uhttp://localhost/services/testprogram/docs/TESTPROGRAMProgramStatement.pdf
=583  \\$acompleteness reviewed$c20170508$fTESTPROGRAM$fTESTPROGRAM Silver$ivolume-level
=852  0\$aTESTINST1$bHDC$ctestprogram-trust$hPS301$i.B43
=866  30$80$a1(1950)-56(2006)
=868  30$80$a1(1950)-25(1975)

