=LDR  00753ny  a22002053n 4500
=001  22839194850003841
=003  TestILS
=004  991009110389703841
=005  20210520081217.95
=007  ta
=008  1404160u\\\\0\\\0001ba\\\0\\\\\\\\\\\\\\
=014  1\$a33006880$bOCoLC
=022  0\$a1084-2810
=035  \\$a(OCoLC)33006880
=035  \\$a(TestILS)c13396213-01asu_inst
=245  00$aSmarandache notions journal.
=561  \\$aTESTINST1
=583  \\$acommitted to retain$c20140416$dDecember 31, 2035$fTESTPROGRAM$fTESTPROGRAM Silver$uhttp://localhost/services/testprogram/docs/TESTPROGRAMProgramStatement.pdf
=583  \\$acompleteness reviewed$c20140416$fTESTPROGRAM$fTESTPROGRAM Silver$ivolume-level$lmissing volumes$zmissing vol. 15$lbinding patterns vary$zvols. 7-8 & 9-10 bound together
=852  0\$aTESTINST1$bHDC$ctestprogram-trust
=866  30$80$a7(1996)-14(2004)

