=LDR  00643nx  a22001811n 4500
=003  TestILS
=004  991038895179703841
=007  ta
=001  221059120610003841
=008  1804230u\\\\0\\\0000ba\\\0\\\\\\
=005  20210520081217.54
=022  \\$a0896-6915
=035  \\$a(OCoLC)15061765
=245  00$aNursing homes and senior citizen care.
=583  \\$acommitted to retain$c20180423$dDecember 31, 2035$fTESTPROGRAM$fTESTPROGRAM Silver$uhttp://localhost/services/testprogram/docs/TESTPROGRAMProgramStatement.pdf
=583  \\$acompleteness reviewed$c20180423$fTESTPROGRAM$fTESTPROGRAM Silver$ivolume level$lmissing volumes$zmissing v.38:4-6
=561  \\$aTESTINST1
=852  0\$aTESTINST1$bHDC$ctestprogram-trust$hRA997.A1  N8x
=866  30$80$a35, no.6(1989)-40, no.5(1991)

