=LDR  00750    a2200229 n 4500
=001  22956081540003841
=003  TestILS
=004  991020839219703841
=005  20210520081217.84
=007  ta
=008  1605010u\\\\0\\\0001ba\\\0\\\\\\\\\\\\\\
=014  1\$a4550507$bOCoLC
=022  0\$a0163-9927
=035  \\$a(OCoLC)4550507
=035  \\$a(TestILS)c13792489-01asu_inst
=245  00$aAEI foreign policy and defense review.
=561  \\$aTESTINST1
=561  \\$aNTD
=583  \\$acommitted to retain$c20160501$dDecember 31, 2035$fTESTPROGRAM$fTESTPROGRAM Gold$uhttp://localhost/services/testprogram/docs/TESTPROGRAMProgramStatement.pdf
=583  \\$acompleteness reviewed$c20160501$fTESTPROGRAM$fTESTPROGRAM Gold$iissue-level
=583  \\$acondition reviewed$c20160501$fTESTPROGRAM$fTESTPROGRAM Gold$iissue-level
=852  0\$aTESTINST1$bHDC$ctestprogram-trust
=866  30$80$a1(1979)-6(1986)

