=LDR  00661ny  a22002053n 4500
=001  22953480170003841
=003  TestILS
=004  991011466119703841
=005  20210520081217.67
=007  ta
=008  1705080u\\\\0\\\0001ba\\\0\\\\\\\\\\\\\\
=014  1\$a1479320$bOCoLC
=022  \\$a0002-7375
=035  \\$a(OCoLC)1479320
=035  \\$a(TestILS)c14147087-01asu_inst
=245  10$aAmerican artist.
=561  \\$aTESTINST1
=583  \\$acommitted to retain$c20170508$dDecember 31, 2035$fTESTPROGRAM$fTESTPROGRAM Silver$uhttp://localhost/services/testprogram/docs/TESTPROGRAMProgramStatement.pdf
=583  \\$acompleteness reviewed$c20170508$fTESTPROGRAM$fTESTPROGRAM Silver$ivolume-level
=852  0\$aTESTINST1$bHDC$ctestprogram-trust
=866  30$80$a4(1940)-69(2005)

