=LDR  00708nx  a22001931n 4500
=003  TestILS
=004  991030597789703841
=007  ta
=001  221117229360003841
=008  1908165u\\\\0\\\0000ba\\\0\\\\\\
=005  20210520081217.58
=022  \\$a0738-4122
=035  \\$a(OCoLC)9599894
=245  00$aDirectory of financial aids for minorities.
=583  \\$acommitted to retain$c20190823$dDecember 31, 2035$fTESTPROGRAM$fTESTPROGRAM Gold$uhttp://localhost/services/testprogram/docs/TESTPROGRAMProgramStatement.pdf
=583  \\$acompleteness reviewed$c20190823$fTESTPROGRAM$fTESTPROGRAM Gold$iissue level
=583  \\$acondition reviewed$c20190823$fTESTPROGRAM$fTESTPROGRAM Gold$iissue level
=561  \\$aTESTINST1
=852  0\$aTESTINST1$bHDC$ctestprogram-trust$hLB2338$i.D56
=866  30$80$a(1984/1985)-(1986/1987), (1989/1990)-(1991/1993), (1995/1997)

