=LDR  00722nx  a22001931n 4500
=003  TestILS
=004  991011909659703841
=007  ta
=001  221158968660003841
=008  2103245u\\\\0\\\0000ba\\\0\\\\\\
=005  20210520081217.89
=022  \\$a0361-3801
=035  \\$a(OCoLC)2246344
=245  10$aFine print.
=583  \\$acommitted to retain$c20210324$d20351231$fTESTPROGRAM$fTESTPROGRAM Gold$uhttp://localhost/services/testprogram/docs/TESTPROGRAMProgramStatement.pdf
=583  \\$acompleteness reviewed$c20210324$fTESTPROGRAM$fTESTPROGRAM Gold$iissue level$lmissing issues$zmissing v.1:1-2(1976), v.2:3-4(1977) v.3:1,3-4(1978)
=583  \\$acondition reviewed$c20210324$fTESTPROGRAM$fTESTPROGRAM Gold$iissue level
=561  \\$aTESTINST1
=852  0\$aTESTINST1$bHDC$ctestprogram-trust$hZ119$i.F55
=866  30$80$a1(1975)-16(2003)

