=LDR  00548ny  a22001693n 4500
=003  TestILS
=004  991018625369703841
=005  20210520081217.64
=001  221098637980003841
=007  ta
=008  1901110u\\\\0\\\0001aa\\\0\\\\\\\\\\\\\8
=022  \\$a1935-472X
=035  \\$a(OCoLC)77706455
=245  00$aGenetic engineering & biotechnology news :$bGEN.
=561  \\$aTESTINST1
=583  \\$acommitted to retain$c20190111$dDecember 31, 2035$fTESTPROGRAM$fTESTPROGRAM Bronze$uhttp://localhost/services/testprogram/docs/TESTPROGRAMProgramStatement.pdf
=852  0\$aTESTINST1$bHDC$ctestprogram-trust$hQH442$i.G456x Folio
=866  30$80$a27, no.4-21(2007), 29(2009)-30(2010)

