=LDR  00830    a2200229 n 4500
=001  22866231170003841
=003  TestILS
=004  991041211149703841
=005  20210520081217.59
=007  ta
=008  1505290u\\\\0\\\0001ba\\\0\\\\\\\\\\\\\\
=014  1\$a19528174$bOCoLC
=022  0\$a1045-2877$l1045-2877
=030  \\$aACLREO
=035  \\$a(OCoLC)19528174
=035  \\$a(TestILS)c13606414-01asu_inst
=245  00$aAIDS clinical review.
=561  \\$aTESTINST1
=583  \\$acommitted to retain$c20150529$dDecember 31, 2035$fTESTPROGRAM$fTESTPROGRAM Gold$uhttp://localhost/services/testprogram/docs/TESTPROGRAMProgramStatement.pdf
=583  \\$acompleteness reviewed$c20150529$fTESTPROGRAM$fTESTPROGRAM Gold$iissue-level$lmissing volumes$zmissing 1999
=583  \\$acondition reviewed$c20150529$fTESTPROGRAM$fTESTPROGRAM Gold$iissue-level
=852  0\$aTESTINST1$bHDC$ctestprogram-trust$hRC607.A26$iA345727
=866  30$80$a(1989)-(1998), (2000)-(2001)

