=LDR  00718nx  a22001931n 4500
=003  TestILS
=004  991032304409703841
=007  ta
=001  221147858670003841
=008  2006305u\\\\0\\\0000ba\\\0\\\\\\
=005  20210520081218.03
=022  \\$a0740-8358
=035  \\$a(OCoLC)10028512
=245  00$aAmerican archeology.
=583  \\$acommitted to retain$c20200630$dDecember 31, 2035$fTESTPROGRAM$fTESTPROGRAM Gold$uhttp://localhost/services/testprogram/docs/TESTPROGRAMProgramStatement.pdf
=583  \\$acompleteness reviewed$c20200630$fTESTPROGRAM$fTESTPROGRAM Gold$iissue level$lbinding patterns vary$zv.3-4 bound with earlier title
=583  \\$acondition reviewed$c20200630$fTESTPROGRAM$fTESTPROGRAM Gold$iissue level
=561  \\$aTESTINST1
=852  0\$aTESTINST1$bHDC$ctestprogram-trust$hE77.8$i.C65x
=866  30$80$a3(1983)-7(1988)

