=LDR  00735nx  a22001931n 4500
=003  TestILS
=004  991011829179703841
=007  ta
=001  221129977950003841
=008  1910315u\\\\0\\\0000ba\\\0\\\\\\
=005  20210520081217.75
=022  \\$a0323-4207
=035  \\$a(OCoLC)1796254
=245  00$aGoethe-Jahrbuch.
=583  \\$acommitted to retain$c20191031$dDecember 31, 2035$fTESTPROGRAM$fTESTPROGRAM Gold$uhttp://localhost/services/testprogram/docs/TESTPROGRAMProgramStatement.pdf
=583  \\$acompleteness reviewed$c20191031$fTESTPROGRAM$fTESTPROGRAM Gold$iissue level$lmissing issues$zmissing issues 96(1979)-97(1980)
=583  \\$acondition reviewed$c20191031$fTESTPROGRAM$fTESTPROGRAM Gold$iissue level
=561  \\$aTESTINST1
=852  0\$aTESTINST1$bHDC$ctestprogram-trust$hPT2045$i.G64x
=866  30$80$a89(1972)-95(1978), 98(1981)-132(2015)

