=LDR  00652nx  a22001931n 4500
=003  TestILS
=004  991042395679703841
=007  ta
=001  221165006740003841
=008  2104260u\\\\0\\\0000ba\\\0\\\\\\
=005  20210520081217.59
=022  \\$a1045-5507
=035  \\$a(OCoLC)20143379
=245  00$aAlmanac of consumer markets.
=583  \\$acommitted to retain$c20210426$d20351231$fTESTPROGRAM$fTESTPROGRAM Gold$uhttp://localhost/services/testprogram/docs/TESTPROGRAMProgramStatement.pdf
=583  \\$acompleteness reviewed$c20210426$fTESTPROGRAM$fTESTPROGRAM Gold$iissue level
=583  \\$acondition reviewed$c20210426$fTESTPROGRAM$fTESTPROGRAM Gold$iissue level
=561  \\$aTESTINST1
=852  0\$aTESTINST1$bHDC$ctestprogram-trust$hHA203$i.A45x
=866  30$80$a(1990)-(1991)

