=LDR  00638nx  a22001811n 4500
=003  TestILS
=004  991011890339703841
=007  ta
=001  221157079460003841
=008  2011180u\\\\0\\\0000ba\\\0\\\\\\
=005  20210520081217.66
=022  \\$a0038-7142
=035  \\$a(OCoLC)2239767
=245  00$aSpeech and drama.
=583  \\$acommitted to retain$c20201118$dDecember 31, 2035$fTESTPROGRAM$fTESTPROGRAM Silver$uhttp://localhost/services/testprogram/docs/TESTPROGRAMProgramStatement.pdf
=583  \\$acompleteness reviewed$c20201118$fTESTPROGRAM$fTESTPROGRAM Silver$ivolume level$lmissing volumes$zmissing (1951)-v.29(1979)
=561  \\$aTESTINST1
=852  0\$aTESTINST1$bHDC$ctestprogram-trust$hPN4071$i.S73
=866  30$80$a30(1981)-57(2007)

