=LDR  00779nx  a22001931n 4500
=003  TestILS
=004  991011445479703841
=007  ta
=001  221144409710003841
=008  2005115u\\\\0\\\0000ba\\\0\\\\\\
=005  20210520081217.71
=022  \\$a0550-5054
=035  \\$a(OCoLC)1411346
=245  10$aNew York University education quarterly.
=583  \\$acommitted to retain$c20200511$dDecember 31, 2035$fTESTPROGRAM$fTESTPROGRAM Gold$uhttp://localhost/services/testprogram/docs/TESTPROGRAMProgramStatement.pdf
=583  \\$acompleteness reviewed$c20200511$fTESTPROGRAM$fTESTPROGRAM Gold$iissue level$lmissing issues$zmissing v.1(1969)-2(1970), 9(1977/78), 10:3-4(1978/79), 11(1979/80)
=583  \\$acondition reviewed$c20200511$fTESTPROGRAM$fTESTPROGRAM Gold$iissue level
=561  \\$aTESTINST1
=852  0\$aTESTINST1$bHDC$ctestprogram-trust$hL11$i.N615
=866  30$80$a3(1971)-8(1977), 10(1978/1979), 12(1980)-14(1983)

