=LDR  00848ny  a22002173n 4500
=001  22817645080003841
=003  TestILS
=004  991011512229703841
=005  20210520081217.45
=007  ta
=008  1206010u\\\\0\\\0001ba\\\0\\\\\\\\\\\\\\
=014  1\$a1479254$bOCoLC
=022  \\$a0199-9818
=030  \\$aDAEDAU
=035  \\$a(OCoLC)1479254
=035  \\$a(TestILS)c1279112x-01asu_inst
=245  10$aProceedings of the American Academy of Arts and Sciences.
=561  \\$aTESTINST1
=583  \\$acommitted to retain$c20120601$dDecember 31, 2035$fTESTPROGRAM$fTESTPROGRAM Silver$uhttp://localhost/services/testprogram/docs/TESTPROGRAMProgramStatement.pdf
=583  \\$acompleteness reviewed$c20120601$fTESTPROGRAM$fTESTPROGRAM Silver$ivolume-level$lmissing volumes$zmissing vols. 1(1848); 32(1896/1897); 43(1907-1908), 68:9-10, 12-13(1933), 75:2-6 (1943-1944), 76:1-2(1945)
=852  0\$aTESTINST1$bHDC$ctestprogram-trust
=866  30$80$a2(1848)-31(1896), 33(1897)-42(1907), 44(1908)-85(1958)

