=LDR  00720ny  a22002173n 4500
=001  22898258470003841
=003  TestILS
=004  991011616709703841
=005  20210520081217.91
=007  ta
=008  1305240u\\\\0\\\0001ba\\\0\\\\\\\\\\\\\\
=014  1\$a1641566$bOCoLC
=022  0\$a0161-956X $z 0031-3432
=035  \\$a(OCoLC)1641566
=035  \\$a(TestILS)c13180824-01asu_inst
=245  00$aPeabody journal of education.
=561  \\$aTESTINST1
=561  \\$aCUR
=583  \\$acommitted to retain$c20130524$dDecember 31, 2035$fTESTPROGRAM$fTESTPROGRAM Silver$uhttp://localhost/services/testprogram/docs/TESTPROGRAMProgramStatement.pdf
=583  \\$acompleteness reviewed$c20130524$fTESTPROGRAM$fTESTPROGRAM Silver$ivolume-level$lreprints$zvol. 1 Reprint
=852  0\$aTESTINST1$bHDC$ctestprogram-trust
=866  30$80$a1(1923)-80(2005)

