=LDR  00784    a2200217 n 4500
=001  22831068340003841
=003  TestILS
=004  991000959929703841
=005  20210520081217.78
=007  ta
=008  1605090u\\\\0\\\0001ba\\\0\\\\\\\\\\\\\\
=014  1\$a32601617$bOCoLC
=022  \\$a1524-0568
=035  \\$a(OCoLC)32601617
=035  \\$a(TestILS)c13794310-01asu_inst
=245  00$aULI market profiles.$pPacific Rim.
=561  \\$aTESTINST1
=583  \\$acommitted to retain$c20160509$dDecember 31, 2035$fTESTPROGRAM$fTESTPROGRAM Gold$uhttp://localhost/services/testprogram/docs/TESTPROGRAMProgramStatement.pdf
=583  \\$acompleteness reviewed$c20160509$fTESTPROGRAM$fTESTPROGRAM Gold$iissue-level$lmissing volumes$zmissing 1986-1998
=583  \\$acondition reviewed$c20160509$fTESTPROGRAM$fTESTPROGRAM Gold$iissue-level
=852  0\$aTESTINST1$bHDC$ctestprogram-trust$hHD910.5.A1$iU43
=866  30$80$a(1999)-(2000)

