=LDR  00690nx  a22001811n 4500
=003  TestILS
=004  991014180079703841
=007  ta
=001  221157064500003841
=008  2011230u\\\\0\\\0000ba\\\0\\\\\\
=005  20210520081217.93
=022  \\$a0020-3572
=035  \\$a(OCoLC)2447690
=245  00$aInstitutional distribution.
=583  \\$acommitted to retain$c20201123$dDecember 31, 2035$fTESTPROGRAM$fTESTPROGRAM Silver$uhttp://localhost/services/testprogram/docs/TESTPROGRAMProgramStatement.pdf
=583  \\$acompleteness reviewed$c20201123$fTESTPROGRAM$fTESTPROGRAM Silver$ivolume level$lmissing volumes$zmissing v.1(1965)-24(1988), v.25:1-7(1989), v.27:1(1991), v.26:12(1990)
=561  \\$aTESTINST1
=852  0\$aTESTINST1$bHDC$ctestprogram-trust$hHD9001$i.I52
=866  30$80$a25(1989)-29, no.3(1993)

