=LDR  00701ny  a22002173n 4500
=001  22835043120003841
=003  TestILS
=004  991027181409703841
=005  20210520081217.80
=007  ta
=008  1510160u\\\\0\\\0001ba\\\0\\\\\\\\\\\\\\
=014  1\$a6070123$bOCoLC
=022  0\$a1539-3682$l1539-3682
=035  \\$a(OCoLC)6070123
=035  \\$a(TestILS)c13666095-01asu_inst
=245  00$aTransactions and proceedings of the Modern Language Association of America.
=561  \\$aTESTINST1
=561  \\$aCUF
=583  \\$acommitted to retain$c20151016$dDecember 31, 2035$fTESTPROGRAM$fTESTPROGRAM Silver$uhttp://localhost/services/testprogram/docs/TESTPROGRAMProgramStatement.pdf
=583  \\$acompleteness reviewed$c20151016$fTESTPROGRAM$fTESTPROGRAM Silver$ivolume-level
=852  0\$aTESTINST1$bHDC$ctestprogram-trust$hPB6$i.M6
=866  30$80$a2(1886)-3(1887)

