=LDR  00652nx  a22001931n 4500
=003  TestILS
=004  991041213039703841
=007  ta
=001  221171326790003841
=008  2105160u\\\\0\\\0000ba\\\0\\\\\\
=005  20210520081217.59
=022  \\$a0838-4061
=035  \\$a(OCoLC)19642350
=245  10$aSport & leisure.
=583  \\$acommitted to retain$c20210514$d20351231$fTESTPROGRAM$fTESTPROGRAM Gold$uhttp://localhost/services/testprogram/docs/TESTPROGRAMProgramStatement.pdf
=583  \\$acompleteness reviewed$c20210514$fTESTPROGRAM$fTESTPROGRAM Gold$iissue level
=583  \\$acondition reviewed$c20210514$fTESTPROGRAM$fTESTPROGRAM Gold$iissue level
=561  \\$aTESTINST1
=852  0\$aTESTINST1$bHDC$ctestprogram-trust$hGV1$i.S65x
=866  30$80$a1(1989)-2(1990)

