=LDR  00639nx  a22001811n 4500
=003  TestILS
=004  991027138749703841
=007  ta
=001  221058868020003841
=008  1803070u\\\\0\\\0000ba\\\0\\\\\\
=005  20210520081217.69
=022  \\$a0276-1041
=035  \\$a(OCoLC)7308033
=245  10$aInternational gymnast magazine.
=583  \\$acommitted to retain$c20180406$dDecember 31, 2035$fTESTPROGRAM$fTESTPROGRAM Silver$uhttp://localhost/services/testprogram/docs/TESTPROGRAMProgramStatement.pdf
=583  \\$acompleteness reviewed$c20180406$fTESTPROGRAM$fTESTPROGRAM Silver$ivolume level$lmissing issues$zmissing v.21:11(1979)
=561  \\$aTESTINST1
=852  0\$aTESTINST1$bHDC$ctestprogram-trust$hGV461$i.I58x
=866  30$80$a21(1979)-23, no.9(1981)

