=LDR  00605ny  a22002053n 4500
=001  22894059520003841
=003  TestILS
=004  991042395449703841
=005  20210520081217.59
=007  ta
=008  1205040u\\\\0\\\0001ba\\\0\\\\\\\\\\\\\\
=014  1\$a20118698$bOCoLC
=022  \\$a0955-7997
=030  \\$aEABAEL
=035  \\$a(OCoLC)20118698
=035  \\$a(TestILS)c1269079x-01asu_inst
=245  00$aEngineering analysis with boundary elements.
=561  \\$aTESTINST1
=583  \\$acommitted to retain$c20120403$dDecember 31, 2035$fTESTPROGRAM$fTESTPROGRAM Bronze$uhttp://localhost/services/testprogram/docs/TESTPROGRAMProgramStatement.pdf
=852  0\$aTESTINST1$bHDC$ctestprogram-trust
=866  30$80$a6(1989)-25(2001)

