=LDR  00751nx  a22001931n 4500
=003  TestILS
=004  991005905319703841
=007  ta
=001  221126707240003841
=008  1908165u\\\\0\\\0000ba\\\0\\\\\\
=005  20210520081218.17
=022  \\$a0031-0999
=035  \\$a(OCoLC)823004
=245  00$aPantheon.
=583  \\$acommitted to retain$c20190923$dDecember 31, 2035$fTESTPROGRAM$fTESTPROGRAM Gold$uhttp://localhost/services/testprogram/docs/TESTPROGRAMProgramStatement.pdf
=583  \\$acompleteness reviewed$c20190923$fTESTPROGRAM$fTESTPROGRAM Gold$iissue level$lmissing issues$zmissing n.s. v.21(1963)-23(1965)
=583  \\$acondition reviewed$c20190923$fTESTPROGRAM$fTESTPROGRAM Gold$iissue level
=561  \\$aTESTINST1
=852  0\$aTESTINST1$bHDC$ctestprogram-trust$hN3$i.P3x
=866  30$80$a1(1928)-32(1944); n.s. 18(1960)-20(1962), 24(1966)-38(1980)

