=LDR  00684ny  a22002173n 4500
=001  22881317770003841
=003  TestILS
=004  991011582809703841
=005  20210520081217.79
=007  ta
=008  1404160u\\\\0\\\0001ba\\\0\\\\\\\\\\\\\\
=014  1\$a1590778$bOCoLC
=022  0\$a0022-4707
=030  \\$aJMPFA3
=035  \\$a(OCoLC)1590778
=035  \\$a(TestILS)c1339633x-01asu_inst
=245  00$aJournal of sports medicine and physical fitness.
=561  \\$aTESTINST1
=583  \\$acommitted to retain$c20140416$dDecember 31, 2035$fTESTPROGRAM$fTESTPROGRAM Silver$uhttp://localhost/services/testprogram/docs/TESTPROGRAMProgramStatement.pdf
=583  \\$acompleteness reviewed$c20140416$fTESTPROGRAM$fTESTPROGRAM Silver$ivolume-level
=852  0\$aTESTINST1$bHDC$ctestprogram-trust
=866  30$80$a1(1961)-45(2005)

