=LDR  00649nx  a22001811n 4500
=003  TestILS
=004  991016509989703841
=007  ta
=001  221106398280003841
=008  1905090u\\\\0\\\0000ba\\\0\\\\\\
=005  20210520081218.10
=022  \\$a0160-225X
=035  \\$a(OCoLC)2852940
=245  00$aAmerican shipper.
=583  \\$acommitted to retain$c20190509$dDecember 31, 2035$fTESTPROGRAM$fTESTPROGRAM Silver$uhttp://localhost/services/testprogram/docs/TESTPROGRAMProgramStatement.pdf
=583  \\$acompleteness reviewed$c20190509$fTESTPROGRAM$fTESTPROGRAM Silver$ivolume level$lmissing volumes$zmissing v.35:1-2 (1993); v.42:11 (2000)
=561  \\$aTESTINST1
=852  0\$aTESTINST1$bHDC$ctestprogram-trust$hHF1$i.F55
=866  30$80$a26(1984)-57(2015)

