=LDR  00599    a2200193 n 4500
=001  22882855230003841
=003  TestILS
=004  991022847229703841
=005  20210520081218.13
=007  ta
=008  1505290u\\\\0\\\0001ba\\\0\\\\\\\\\\\\\\
=014  1\$a5143336$bOCoLC
=022  \\$a1105-235X
=035  \\$a(OCoLC)5143336
=035  \\$a(TestILS)c13606724-01asu_inst
=245  00$aPhilosophical inquiry.
=561  \\$aTESTINST1
=583  \\$acommitted to retain$c20130614$dDecember 31, 2035$fTESTPROGRAM$fTESTPROGRAM Bronze$uhttp://localhost/services/testprogram/docs/TESTPROGRAMProgramStatement.pdf
=852  0\$aTESTINST1$bHDC$ctestprogram-trust
=866  30$80$a1(1978)-16(1994), 18(1996)-26(2004)

