=LDR  00727ny  a22002053n 4500
=001  22828251600003841
=003  TestILS
=004  991021858749703841
=005  20210520081217.36
=007  ta
=008  1705080u\\\\0\\\0001ba\\\0\\\\\\\\\\\\\\
=014  1\$a4557096$bOCoLC
=022  0\$a0028-033X$l0028-033X
=035  \\$a(OCoLC)4557096
=035  \\$a(TestILS)c14148523-01asu_inst
=245  00$aNational underwriter.
=561  \\$aTESTINST1
=583  \\$acommitted to retain$c20170508$dDecember 31, 2035$fTESTPROGRAM$fTESTPROGRAM Silver$uhttp://localhost/services/testprogram/docs/TESTPROGRAMProgramStatement.pdf
=583  \\$acompleteness reviewed$c20170508$fTESTPROGRAM$fTESTPROGRAM Silver$ivolume-level$lmissing volumes$zmissing v.79-89
=852  0\$aTESTINST1$bHDC$ctestprogram-trust$hHG8751$i.N3
=866  30$80$a74, no.41(1970)-78(1974)

