=LDR  00661nx  a22001931n 4500
=003  TestILS
=004  991020817919703841
=007  ta
=001  221148379770003841
=008  2006305u\\\\0\\\0000ba\\\0\\\\\\
=005  20210520081217.84
=022  \\$a0163-2809
=035  \\$a(OCoLC)4330173
=245  00$aChildren's language.
=583  \\$acommitted to retain$c20200630$dDecember 31, 2035$fTESTPROGRAM$fTESTPROGRAM Gold$uhttp://localhost/services/testprogram/docs/TESTPROGRAMProgramStatement.pdf
=583  \\$acompleteness reviewed$c20200630$fTESTPROGRAM$fTESTPROGRAM Gold$iissue level
=583  \\$acondition reviewed$c20200630$fTESTPROGRAM$fTESTPROGRAM Gold$iissue level
=561  \\$aTESTINST1
=852  0\$aTESTINST1$bHDC$ctestprogram-trust$hP118$i.C47
=866  30$80$a1(1978)-11(2001)

