=LDR  00764nx  a22001931n 4500
=003  TestILS
=004  991017262339703841
=007  ta
=001  221067406270003841
=008  1805165u\\\\0\\\0000ba\\\0\\\\\\
=005  20210520081218.19
=022  \\$a0147-0124
=035  \\$a(OCoLC)2996488
=245  00$aNORC report.
=583  \\$acommitted to retain$c20180523$dDecember 31, 2035$fTESTPROGRAM$fTESTPROGRAM Gold$uhttp://localhost/services/testprogram/docs/TESTPROGRAMProgramStatement.pdf
=583  \\$acompleteness reviewed$c20180523$fTESTPROGRAM$fTESTPROGRAM Gold$iissue level$lmissing volumes$zmissing no.122; no.124-128; no.130; no.131; no.133-135
=583  \\$acondition reviewed$c20180523$fTESTPROGRAM$fTESTPROGRAM Gold$iissue level
=561  \\$aTESTINST1
=852  0\$aTESTINST1$bHDC$ctestprogram-trust$hHM261.A1$iN3
=866  30$80$ano.123(1971), 129(1980), 131(1983)-132(1985)

