=LDR  00737nx  a22001931n 4500
=003  TestILS
=004  991041206619703841
=007  ta
=001  221154659540003841
=008  2104185u\\\\0\\\0000ba\\\0\\\\\\
=005  20210520081217.59
=022  \\$a1046-3313
=035  \\$a(OCoLC)19218708
=245  10$aMicrowave systems news :$bMSN.
=583  \\$acommitted to retain$c20210418$d20351231$fTESTPROGRAM$fTESTPROGRAM Gold$uhttp://localhost/services/testprogram/docs/TESTPROGRAMProgramStatement.pdf
=583  \\$acompleteness reviewed$c20210418$fTESTPROGRAM$fTESTPROGRAM Gold$iissue level$lbinding patterns vary$zIssue v.18, no.12 bound with earlier title.
=583  \\$acondition reviewed$c20210418$fTESTPROGRAM$fTESTPROGRAM Gold$iissue level
=561  \\$aTESTINST1
=852  0\$aTESTINST1$bHDC$ctestprogram-trust$hTK7876$i.M27
=866  30$80$a18, no.12(1988)-20, no.5(1990)

