=LDR  00761ny  a22002173n 4500
=001  22879130250003841
=003  TestILS
=004  991011906569703841
=005  20210520081217.88
=007  ta
=008  1305220u\\\\0\\\0001ba\\\0\\\\\\\\\\\\\\
=014  1\$a2245131$bOCoLC
=022  \\$a0360-0327
=030  \\$aSALEDW
=035  \\$a(OCoLC)2245131
=035  \\$a(TestILS)c13180654-01asu_inst
=245  10$aSoviet astronomy letters.
=561  \\$aTESTINST1
=583  \\$acommitted to retain$c20130522$dDecember 31, 2035$fTESTPROGRAM$fTESTPROGRAM Silver$uhttp://localhost/services/testprogram/docs/TESTPROGRAMProgramStatement.pdf
=583  \\$acompleteness reviewed$c20130522$fTESTPROGRAM$fTESTPROGRAM Silver$ivolume-level$lbinding patterns vary$zvols. 1-2 and 3-4 are bound together as single items
=852  0\$aTESTINST1$bHDC$ctestprogram-trust
=866  30$80$a1(1975)-18(1992)

