=LDR  00661ny  a22002053n 4500
=001  22835837880003841
=003  TestILS
=004  991005017939703841
=005  20210520081218.16
=007  ta
=008  1404160u\\\\0\\\0001ba\\\0\\\\\\\\\\\\\\
=014  1\$a5711993$bOCoLC
=022  0\$a0195-9425
=035  \\$a(OCoLC)5711993
=035  \\$a(TestILS)c13382603-01asu_inst
=245  00$aJournal of security administration.
=561  \\$aTESTINST1
=583  \\$acommitted to retain$c20140416$dDecember 31, 2035$fTESTPROGRAM$fTESTPROGRAM Silver$uhttp://localhost/services/testprogram/docs/TESTPROGRAMProgramStatement.pdf
=583  \\$acompleteness reviewed$c20140416$fTESTPROGRAM$fTESTPROGRAM Silver$ivolume-level
=852  0\$aTESTINST1$bHDC$ctestprogram-trust
=866  30$80$a1(1978)-26(2003)

