=LDR  00791ny  a22002173n 4500
=001  22836793640003841
=003  TestILS
=004  991030586579703841
=005  20210520081217.57
=007  ta
=008  1305300u\\\\0\\\0001ba\\\0\\\\\\\\\\\\\\
=014  1\$a9408679$bOCoLC
=022  \\$a0954-4062$l0954-4062$y0263-7154
=030  \\$aMESCEO
=035  \\$a(OCoLC)9408679
=035  \\$a(TestILS)c13181634-01asu_inst
=245  00$aProceedings of the Institution of Mechanical Engineers.$nPart C,$pMechanical engineering science.
=561  \\$aTESTINST1
=583  \\$acommitted to retain$c20130530$dDecember 31, 2035$fTESTPROGRAM$fTESTPROGRAM Silver$uhttp://localhost/services/testprogram/docs/TESTPROGRAMProgramStatement.pdf
=583  \\$acompleteness reviewed$c20130530$fTESTPROGRAM$fTESTPROGRAM Silver$ivolume-level$lbinding patterns vary$zvols. 197-198 bound together as single piece
=852  0\$aTESTINST1$bHDC$ctestprogram-trust$hTJ1$i.I514x
=866  30$80$a197(1983)-219(2005)

