=LDR  00665nx  a22001811n 4500
=003  TestILS
=004  991009380909703841
=007  ta
=001  221114377490003841
=008  1908090u\\\\0\\\0000ba\\\0\\\\\\
=005  20210520081217.96
=022  \\$a8750-3441
=035  \\$a(OCoLC)11202805
=245  10$aOffice systems :$bthe magazine for small and medium offices.
=583  \\$acommitted to retain$c20190809$dDecember 31, 2035$fTESTPROGRAM$fTESTPROGRAM Silver$uhttp://localhost/services/testprogram/docs/TESTPROGRAMProgramStatement.pdf
=583  \\$acompleteness reviewed$c20190809$fTESTPROGRAM$fTESTPROGRAM Silver$ivolume level$lmissing volumes$zmissing v.1(1984)-15:9(1998), v.16:8 (1999)
=561  \\$aTESTINST1
=852  0\$aTESTINST1$bHDC$ctestprogram-trust$hHF5548$i.O523
=866  30$80$a15, no.10(1998)-16(1999)

