=LDR  00604    a2200205 n 4500
=001  22931491550003841
=003  TestILS
=004  991003525069703841
=005  20210520081218.09
=007  ta
=008  1705260u\\\\0\\\0001ba\\\0\\\\\\\\\\\\\\
=014  1\$a31390453$bOCoLC
=022  \\$a1352-0520
=030  \\$aCILSFO
=035  \\$a(OCoLC)31390453
=035  \\$a(TestILS)c14148067-01asu_inst
=245  00$aCurrent issues in language & society.
=561  \\$aTESTINST1
=583  \\$acommitted to retain$c20170526$dDecember 31, 2035$fTESTPROGRAM$fTESTPROGRAM Bronze$uhttp://localhost/services/testprogram/docs/TESTPROGRAMProgramStatement.pdf
=852  0\$aTESTINST1$bHDC$ctestprogram-trust
=866  30$80$a4(1997)-7(2000)

