=LDR  00501ny  a22001693n 4500
=003  TestILS
=004  991007549539703841
=005  20210520081217.49
=001  221156768340003841
=007  ta
=008  2011130u\\\\0\\\0000ba\\\0\\\\\\
=022  \\$a1065-9129
=035  \\$a(OCoLC)26790930
=245  00$aPolitical research quarterly.
=561  \\$aTESTINST1
=583  \\$acommitted to retain$c20201113$d20351231$fTESTPROGRAM$fTESTPROGRAM Bronze$uhttp://localhost/services/testprogram/docs/TESTPROGRAMProgramStatement.pdf
=852  0\$aTESTINST1$bHDC$ctestprogram-trust$hJA1$i.W4
=866  30$80$a46(1993)-61(2008)

