=LDR  00588nx  a22001811n 4500
=003  TestILS
=004  991011769789703841
=007  ta
=001  221066548470003841
=008  1805140u\\\\0\\\0000ba\\\0\\\\\\
=005  20210520081217.56
=022  \\$a0742-8693
=035  \\$a(OCoLC)1776657
=245  00$aPractical forecast for home economics.
=583  \\$acommitted to retain$c20180514$dDecember 31, 2035$fTESTPROGRAM$fTESTPROGRAM Silver$uhttp://localhost/services/testprogram/docs/TESTPROGRAMProgramStatement.pdf
=583  \\$acompleteness reviewed$c20180514$fTESTPROGRAM$fTESTPROGRAM Silver$ivolume level
=561  \\$aTESTINST1
=852  0\$aTESTINST1$bHDC$ctestprogram-trust$hTX1 .P7
=866  30$80$a9(1963)-11(1966)

