=LDR  00669nx  a22001811n 4500
=003  TestILS
=004  991047749219703841
=007  ta
=001  221157379120003841
=008  2011300u\\\\0\\\0000ba\\\0\\\\\\
=005  20210520081217.40
=022  \\$a1550-4190
=035  \\$a(OCoLC)55205788
=245  00$aBenefits & compensation digest.
=583  \\$acommitted to retain$c20201130$dDecember 31, 2035$fTESTPROGRAM$fTESTPROGRAM Silver$uhttp://localhost/services/testprogram/docs/TESTPROGRAMProgramStatement.pdf
=583  \\$acompleteness reviewed$c20201130$fTESTPROGRAM$fTESTPROGRAM Silver$ivolume level$lmissing volumes$zmissing v.41:9-12(2005), v.44:6-9(2007), v.46:6(2009)
=561  \\$aTESTINST1
=852  0\$aTESTINST1$bHDC$ctestprogram-trust$hHD4932.N6$iB46
=866  30$80$a42(2005)-47(2010)

