=LDR  00774    a2200241 n 4500
=001  22816892370003841
=003  TestILS
=004  991020858249703841
=005  20210520081217.85
=007  ta
=008  1404160u\\\\0\\\0001ba\\\0\\\\\\\\\\\\\\
=014  1\$a4710331$bOCoLC
=022  0\$a0196-948X
=030  \\$aNMGED2
=035  \\$a(OCoLC)4710331
=035  \\$a(TestILS)c13401890-01asu_inst
=245  00$aNew Mexico geology.
=561  \\$aTESTINST1
=561  \\$aCIT
=583  \\$acommitted to retain$c20140416$dDecember 31, 2035$fTESTPROGRAM$fTESTPROGRAM Gold$uhttp://localhost/services/testprogram/docs/TESTPROGRAMProgramStatement.pdf
=583  \\$acompleteness reviewed$c20140416$fTESTPROGRAM$fTESTPROGRAM Gold$iissue-level
=583  \\$acondition reviewed$c20140416$fTESTPROGRAM$fTESTPROGRAM Gold$iissue-level
=852  0\$aTESTINST1$bHDC$ctestprogram-trust
=866  30$80$a1(1979)-28(2006)

