=LDR  00692nx  a22001931n 4500
=003  TestILS
=004  991014210409703841
=007  ta
=001  221049887790003841
=008  1801235u\\\\0\\\0000ba\\\0\\\\\\
=005  20210520081218.15
=022  \\$a0008-6924
=035  \\$a(OCoLC)2653161
=245  00$aCarrier reports.
=583  \\$acommitted to retain$c20180123$dDecember 31, 2035$fTESTPROGRAM$fTESTPROGRAM Gold$uhttp://localhost/services/testprogram/docs/TESTPROGRAMProgramStatement.pdf
=583  \\$acompleteness reviewed$c20180123$fTESTPROGRAM$fTESTPROGRAM Gold$iissue level$lmissing issues$zmissing v.36:2
=583  \\$acondition reviewed$c20180123$fTESTPROGRAM$fTESTPROGRAM Gold$iissue level
=561  \\$aTESTINST1
=852  0\$aTESTINST1$bHDC$ctestprogram-trust$hHE1 .C359x
=866  30$80$a(1969)-39(1999)

