=LDR  00723    a2200193 n 4500
=001  22962766790003841
=003  TestILS
=004  991011734789703841
=005  20210520081217.48
=007  ta
=008  1306140u\\\\0\\\0001ba\\\0\\\\\\\\\\\\\\
=014  1\$a1765907$bOCoLC
=022  \\$a0096-736X
=035  \\$a(OCoLC)1765907
=035  \\$a(TestILS)c13186024-01asu_inst
=245  10$aSAE transactions.
=561  \\$aTESTINST1
=583  \\$acommitted to retain$c20130614$dDecember 31, 2035$fTESTPROGRAM$fTESTPROGRAM Bronze$uhttp://localhost/services/testprogram/docs/TESTPROGRAMProgramStatement.pdf
=852  0\$aTESTINST1$bHDC$ctestprogram-trust
=866  30$80$a3(1909), 6(1911), 8(1913), 11(1916)-16(1921), 22(1927), 25(1930)-26(1931), 31(1936)-52(1944), 54(1946), 61(1953)-66(1958), 68(1960)-74(1966), 76(1968)-81(1972)

