=LDR  00748nx  a22001931n 4500
=003  TestILS
=004  991033878969703841
=007  ta
=001  221132358240003841
=008  1912315u\\\\0\\\0000ba\\\0\\\\\\
=005  20210520081218.00
=022  \\$a1045-0041
=035  \\$a(OCoLC)10848579
=245  00$aDirectory of companies offering dividend reinvestment plans.
=583  \\$acommitted to retain$c20191231$dDecember 31, 2035$fTESTPROGRAM$fTESTPROGRAM Gold$uhttp://localhost/services/testprogram/docs/TESTPROGRAMProgramStatement.pdf
=583  \\$acompleteness reviewed$c20191231$fTESTPROGRAM$fTESTPROGRAM Gold$iissue level$lmissing issues$zno.1(1982), 3(1986)-5(1988), 7(1990) missing
=583  \\$acondition reviewed$c20191231$fTESTPROGRAM$fTESTPROGRAM Gold$iissue level
=561  \\$aTESTINST1
=852  0\$aTESTINST1$bHDC$ctestprogram-trust$hHG4028.D5$iD57
=866  30$80$a(1984), no.6(1989), 8(1991)-22(2005)

