=LDR  00502ny  a22001693n 4500
=003  TestILS
=004  991046103999703841
=005  20210520081217.73
=001  221156767500003841
=007  ta
=008  2011130u\\\\0\\\0000ba\\\0\\\\\\
=022  \\$a1090-3488
=035  \\$a(OCoLC)35272177
=245  00$aJournal of Haitian studies /$cHaitian Studies Association.
=561  \\$aTESTINST1
=583  \\$acommitted to retain$c20201113$d20351231$fTESTPROGRAM$fTESTPROGRAM Bronze$uhttp://localhost/services/testprogram/docs/TESTPROGRAMProgramStatement.pdf
=852  0\$aTESTINST1$bHDC$ctestprogram-trust$hF1912$i.J6
=866  30$80$a7(2001)-21(2015)

