=LDR  01298nx  a22002051n 4500
=003  TestILS
=004  991011744319703841
=007  ta
=001  221058866760003841
=008  1803070u\\\\0\\\0000ba\\\0\\\\\\
=005  20210520081217.48
=022  \\$a0040-781X
=035  \\$a(OCoLC)1767509
=245  00$aTime.
=583  \\$acommitted to retain$c20180406$dDecember 31, 2035$fTESTPROGRAM$fTESTPROGRAM Silver$uhttp://localhost/services/testprogram/docs/TESTPROGRAMProgramStatement.pdf
=583  \\$acompleteness reviewed$c20180406$fTESTPROGRAM$fTESTPROGRAM Silver$ivolume level$lmissing volumes$zMissing v.1-9, v.12 OCT-DEC; v.14 JUL-SEP; v.15, v.19, v.22 OCT-DEC; v.39 JAN-MAR; v.41-42, v.44, v.67-68, v.69 JAN-MAR; v.70 OCT-DEC; v.76 OCT-DEC; v.80 OCT-DEC; v.81 JAN-MAR; v.83, v.85; v.86 OCT-DEC; v.87 APR-JUN; v.88, v.95, v.101 APR-JUN; v.102 JUL-SEP; v.105, v.108, v.109 APR-JUN; v.111 APR-JUN; v.113 APR-JUN; v.114 JUN SEP; v.117-118, v.130:10; v.137:18; v.137:18; v.159-166
=561  \\$aTESTINST1
=852  0\$aTESTINST1$bHDC$ctestprogram-trust$hAP2$i.T37
=866  30$80$a10(1927)-14(1929), 16(1930)-18(1931), 20(1932)-40(1942), 43(1944), 45(1945)-66(1955), 69(1957)-82(1963), 84(1964), 86(1965)-87(1966), 89(1967)-94(1969), 96(1970)-104(1974), 106(1975)-107(1976), 109(1977)-117(1981), 119(1982)-158(2001)
=867  30$80$a147(1996), 149(1997), 158(2001)
=868  30$80$a91(1968)-94(1969)

