=LDR  00683ny  a22002173n 4500
=001  22931705920003841
=003  TestILS
=004  991011762609703841
=005  20210520081217.56
=007  ta
=008  1310170u\\\\0\\\0001ba\\\0\\\\\\\\\\\\\\
=014  1\$a1773746$bOCoLC
=022  \\$a0002-4805
=030  \\$aAJEDA
=035  \\$a(OCoLC)1773746
=035  \\$a(TestILS)c13265957-01asu_inst
=245  00$aAlberta journal of educational research.
=561  \\$aTESTINST1
=583  \\$acommitted to retain$c20131017$dDecember 31, 2035$fTESTPROGRAM$fTESTPROGRAM Silver$uhttp://localhost/services/testprogram/docs/TESTPROGRAMProgramStatement.pdf
=583  \\$acompleteness reviewed$c20131017$fTESTPROGRAM$fTESTPROGRAM Silver$ivolume-level
=852  0\$aTESTINST1$bHDC$ctestprogram-trust
=866  30$80$a1(1955)-51(2005)

