=LDR  00729ny  a22002053n 4500
=001  22885559160003841
=003  TestILS
=004  991011573479703841
=005  20210520081218.06
=007  ta
=008  1206270u\\\\0\\\0001ba\\\0\\\\\\\\\\\\\\
=014  1\$a1588182$bOCoLC
=022  0\$a0506-9823$l0506-9823
=035  \\$a(OCoLC)1588182
=035  \\$a(TestILS)c12807254-01asu_inst
=245  00$aVietnam perspectives /$cAmerican Friends of Vietnam.
=561  \\$aTESTINST1
=583  \\$acommitted to retain$c20120627$dDecember 31, 2035$fTESTPROGRAM$fTESTPROGRAM Silver$uhttp://localhost/services/testprogram/docs/TESTPROGRAMProgramStatement.pdf
=583  \\$acompleteness reviewed$c20120627$fTESTPROGRAM$fTESTPROGRAM Silver$ivolume-level$lmissing volumes$zmissing v.1 issues 1 & 3
=852  0\$aTESTINST1$bHDC$ctestprogram-trust$hDS557.A5$iV57
=866  30$80$a1(1965)-3(1967)

