=LDR  00785nx  a22001931n 4500
=003  TestILS
=004  991011629049703841
=007  ta
=001  221154736610003841
=008  2104255u\\\\0\\\0000ba\\\0\\\\\\
=005  20210520081217.91
=022  \\$a0040-6112
=035  \\$a(OCoLC)1644675
=245  00$aThink.
=583  \\$acommitted to retain$c20210425$d20351231$fTESTPROGRAM$fTESTPROGRAM Gold$uhttp://localhost/services/testprogram/docs/TESTPROGRAMProgramStatement.pdf
=583  \\$acompleteness reviewed$c20210425$fTESTPROGRAM$fTESTPROGRAM Gold$iissue level$lmissing issues$zmissing v.2:5,8,11(1936/37), v.3:1,3,8,11(1937/38) v.13:4(1947)
=583  \\$acondition reviewed$c20210425$fTESTPROGRAM$fTESTPROGRAM Gold$iissue level$lmissing issue covers$zv.11-13 missing issue covers
=561  \\$aTESTINST1
=852  0\$aTESTINST1$bHDC$ctestprogram-trust$hAP2$i.T45x
=866  30$80$a1(1935)-36(1970)

