=LDR  00795    a2200229 n 4500
=001  22834836720003841
=003  TestILS
=004  991011792309703841
=005  20210520081217.97
=007  ta
=008  1505060u\\\\0\\\0001ba\\\0\\\\\\\\\\\\\\
=014  1\$a1783528$bOCoLC
=022  0\$a0022-1104
=030  \\$aJFFLAO
=035  \\$a(OCoLC)1783528
=035  \\$a(TestILS)c13597310-01asu_inst
=245  04$aThe Journal of fire & flammability.
=561  \\$aTESTINST1
=583  \\$acommitted to retain$c20150506$dDecember 31, 2035$fTESTPROGRAM$fTESTPROGRAM Gold$uhttp://localhost/services/testprogram/docs/TESTPROGRAMProgramStatement.pdf
=583  \\$acompleteness reviewed$c20150506$fTESTPROGRAM$fTESTPROGRAM Gold$iissue-level$lmissing volumes$zmissing vols. 1-2, 5-13
=583  \\$acondition reviewed$c20150506$fTESTPROGRAM$fTESTPROGRAM Gold$iissue-level
=852  0\$aTESTINST1$bHDC$ctestprogram-trust
=866  30$80$a3(1972)-4(1973)

