=LDR  00773nx  a22002051n 4500
=003  TestILS
=004  991011882819703841
=007  ta
=001  221044081370003841
=008  1709140u\\\\0\\\0001ba\\\0\\\\\\
=005  20210520081217.66
=022  \\$a0190-1508
=035  \\$a(OCoLC)2184856
=245  00$aFodor's Morocco.
=583  \\$acommitted to retain$c20170914$dDecember 31, 2035$fTESTPROGRAM$fTESTPROGRAM Gold$uhttp://localhost/services/testprogram/docs/TESTPROGRAMProgramStatement.pdf
=583  \\$acompleteness reviewed$c20170914$fTESTPROGRAM$fTESTPROGRAM Gold$iissue-level$lmissing volumes$zmissing  1969-1976, 1978-1990, 1992-1999, 2001, 2003-2015
=583  \\$acondition reviewed$c20170914$fTESTPROGRAM$fTESTPROGRAM Gold$iissue-level
=561  \\$aTESTINST1
=561  \\$aCUV
=852  0\$aTESTINST1$bHDC$ctestprogram-trust$hDT309$i.M652
=866  30$80$a(1977), (1991), (2000), (2002)

