=LDR  00659nx  a22001931n 4500
=003  TestILS
=004  991030598439703841
=007  ta
=001  221126309040003841
=008  1908165u\\\\0\\\0000ba\\\0\\\\\\
=005  20210520081217.58
=022  \\$a0739-8972
=035  \\$a(OCoLC)9608116
=245  00$aOccasional papers in Slavic languages and literature.
=583  \\$acommitted to retain$c20190823$dDecember 31, 2035$fTESTPROGRAM$fTESTPROGRAM Gold$uhttp://localhost/services/testprogram/docs/TESTPROGRAMProgramStatement.pdf
=583  \\$acompleteness reviewed$c20190823$fTESTPROGRAM$fTESTPROGRAM Gold$iissue level
=583  \\$acondition reviewed$c20190823$fTESTPROGRAM$fTESTPROGRAM Gold$iissue level
=561  \\$aTESTINST1
=852  0\$aTESTINST1$bHDC$ctestprogram-trust$hPG1$i.O27
=866  30$80$a1(1982)-3(1986)

