=LDR  00747nx  a22001931n 4500
=003  TestILS
=004  991018827749703841
=007  ta
=001  221045779990003841
=008  1711150u\\\\0\\\0000ba\\\0\\\\\\
=005  20210520081217.65
=022  \\$a0082-6499
=035  \\$a(OCoLC)3639364
=245  00$aTrinc's blue book of the trucking industry.
=583  \\$acommitted to retain$c20171115$dDecember 31, 2035$fTESTPROGRAM$fTESTPROGRAM Gold$uhttp://localhost/services/testprogram/docs/TESTPROGRAMProgramStatement.pdf
=583  \\$acompleteness reviewed$c20171115$fTESTPROGRAM$fTESTPROGRAM Gold$iissue level$lmissing volumes$zmissing no.29, no.33
=583  \\$acondition reviewed$c20171115$fTESTPROGRAM$fTESTPROGRAM Gold$iissue level
=561  \\$aTESTINST1
=852  0\$aTESTINST1$bHDC$ctestprogram-trust$hHE5623.A1$iT685
=866  30$80$ano.11(1955)-28(1972), 30(1974)-32(1976), 34(1978)-40(1984)

