=LDR  00813nx  a22001931n 4500
=003  TestILS
=004  991011645769703841
=007  ta
=001  221135269840003841
=008  2001285u\\\\0\\\0000ba\\\0\\\\\\
=005  20210520081217.60
=022  \\$a0034-0790
=035  \\$a(OCoLC)1696567
=245  10$aReal estate review.
=583  \\$acommitted to retain$c20200128$dDecember 31, 2035$fTESTPROGRAM$fTESTPROGRAM Gold$uhttp://localhost/services/testprogram/docs/TESTPROGRAMProgramStatement.pdf
=583  \\$acompleteness reviewed$c20200128$fTESTPROGRAM$fTESTPROGRAM Gold$iissue level$lmissing issues$zmissing v.7:1(1977), 22:4(1993), 23(1993/94)-26(1996/97), v.33:3-4(2004)$lreprints$zv.4-6 reprints
=583  \\$acondition reviewed$c20200128$fTESTPROGRAM$fTESTPROGRAM Gold$iissue level
=561  \\$aTESTINST1
=852  0\$aTESTINST1$bHDC$ctestprogram-trust$hHD251$i.R479x
=866  30$80$a1(1971/1972)-3(1973/1974), 27(1997/1998)-44(2015)

