=LDR  00666nx  a22001931n 4500
=003  TestILS
=004  991016516619703841
=007  ta
=001  221147439280003841
=008  2005315u\\\\0\\\0000ba\\\0\\\\\\
=005  20210520081218.10
=022  \\$a0271-1427
=035  \\$a(OCoLC)2933401
=245  00$aSouthwest folklore.
=583  \\$acommitted to retain$c20200531$dDecember 31, 2035$fTESTPROGRAM$fTESTPROGRAM Gold$uhttp://localhost/services/testprogram/docs/TESTPROGRAMProgramStatement.pdf
=583  \\$acompleteness reviewed$c20200531$fTESTPROGRAM$fTESTPROGRAM Gold$iissue level
=583  \\$acondition reviewed$c20200531$fTESTPROGRAM$fTESTPROGRAM Gold$iissue level
=561  \\$aTESTINST1
=852  0\$aTESTINST1$bHDC$ctestprogram-trust$hGR1$i.A13x
=866  30$80$a1(1977)-6, no.1(1982)

