=LDR  00599nx  a22001691n 4500
=003  TestILS
=004  991042422929703841
=007  ta
=001  221115195350003841
=008  1905310u\\\\0\\\0000ba\\\0\\\\\\
=005  20210520081217.51
=035  \\$a(OCoLC)21110545
=245  00$aForecasting services.$pChina.
=583  \\$acommitted to retain$c20190531$dDecember 31, 2035$fTESTPROGRAM$fTESTPROGRAM Silver$uhttp://localhost/services/testprogram/docs/TESTPROGRAMProgramStatement.pdf
=583  \\$acompleteness reviewed$c20190531$fTESTPROGRAM$fTESTPROGRAM Silver$ivolume level$lmissing volumes$zmissing 1993:2
=561  \\$aTESTINST1
=852  0\$aTESTINST1$bHDC$ctestprogram-trust$hHC426$i.C445x
=866  30$80$a(1989)-(1993)

