=LDR  00735ny  a22002053n 4500
=001  22844116950003841
=003  TestILS
=004  991038409769703841
=005  20210520081217.54
=007  ta
=008  1705080u\\\\0\\\0001ba\\\0\\\\\\\\\\\\\\
=014  1\$a50259808$bOCoLC
=022  \\$a0746-9179$l0746-9179$y0160-4074$21
=035  \\$a(OCoLC)50259808
=035  \\$a(TestILS)c14148122-01asu_inst
=245  10$aR & D :$breading for the R & D community.
=561  \\$aTESTINST1
=583  \\$acommitted to retain$c20170508$dDecember 31, 2035$fTESTPROGRAM$fTESTPROGRAM Silver$uhttp://localhost/services/testprogram/docs/TESTPROGRAMProgramStatement.pdf
=583  \\$acompleteness reviewed$c20170508$fTESTPROGRAM$fTESTPROGRAM Silver$ivolume-level$lmissing volumes$zv.45:1-7
=852  0\$aTESTINST1$bHDC$ctestprogram-trust$hT175$i.I49x
=866  30$80$a44, no.7(2002)-47(2005)

