=LDR  00643nx  a22001811n 4500
=003  TestILS
=004  991013187459703841
=007  ta
=001  221135123060003841
=008  2001275u\\\\0\\\0000ba\\\0\\\\\\
=005  20210520081217.62
=035  \\$a(OCoLC)2067453
=245  10$aReview - Catholic Business Education Association.
=583  \\$acommitted to retain$c20200127$dDecember 31, 2035$fTESTPROGRAM$fTESTPROGRAM Gold$uhttp://localhost/services/testprogram/docs/TESTPROGRAMProgramStatement.pdf
=583  \\$acompleteness reviewed$c20200127$fTESTPROGRAM$fTESTPROGRAM Gold$iissue level
=583  \\$acondition reviewed$c20200127$fTESTPROGRAM$fTESTPROGRAM Gold$iissue level
=561  \\$aTESTINST1
=852  0\$aTESTINST1$bHDC$ctestprogram-trust$hHF1101$i.C3
=866  30$80$a15(1963/64)-21(1969/70)

