=LDR  00738ny  a22002053n 4500
=001  22968893230003841
=003  TestILS
=004  991045288399703841
=005  20210520081218.07
=007  ta
=008  1305240u\\\\0\\\0001ba\\\0\\\\\\\\\\\\\\
=014  1\$a38273642$bOCoLC
=022  \\$a1443-3605
=035  \\$a(OCoLC)38273642
=035  \\$a(TestILS)c13180873-01asu_inst
=245  10$aAQ :$bjournal of contemporary analysis.
=561  \\$aTESTINST1
=583  \\$acommitted to retain$c20130524$dDecember 31, 2035$fTESTPROGRAM$fTESTPROGRAM Silver$uhttp://localhost/services/testprogram/docs/TESTPROGRAMProgramStatement.pdf
=583  \\$acompleteness reviewed$c20130524$fTESTPROGRAM$fTESTPROGRAM Silver$ivolume-level$lbinding patterns vary$zvolumes 72-73 bound together as single unit
=852  0\$aTESTINST1$bHDC$ctestprogram-trust
=866  30$80$a69, no.3(1997)-77(2005)

