=LDR  00829    a2200217 n 4500
=001  22818568190003841
=003  TestILS
=004  991011505469703841
=005  20210520081217.45
=007  ta
=008  1605010u\\\\0\\\0001ba\\\0\\\\\\\\\\\\\\
=014  1\$a1536789$bOCoLC
=022  \\$a0006-7407
=035  \\$a(OCoLC)1536789
=035  \\$a(TestILS)c1379078x-01asu_inst
=245  04$aThe Bookmark /$cNew York State Library.
=561  \\$aTESTINST1
=583  \\$acommitted to retain$c20160501$dDecember 31, 2035$fTESTPROGRAM$fTESTPROGRAM Gold$uhttp://localhost/services/testprogram/docs/TESTPROGRAMProgramStatement.pdf
=583  \\$acompleteness reviewed$c20160501$fTESTPROGRAM$fTESTPROGRAM Gold$iissue-level$lmissing volume$zmissing v.1-20, 23-24
=583  \\$acondition reviewed$c20160501$fTESTPROGRAM$fTESTPROGRAM Gold$iissue-level$ltight binding$zv.30:1-7 tight binding
=852  0\$aTESTINST1$bHDC$ctestprogram-trust
=866  30$80$a21(1961)-22(1963), 25(1965)-50(1992)

