=LDR  00700ny  a22002053n 4500
=001  22835896430003841
=003  TestILS
=004  991014226899703841
=005  20210520081218.16
=007  ta
=008  1605200u\\\\0\\\0001ba\\\0\\\\\\\\\\\\\\
=014  1\$a2786585$bOCoLC
=022  0\$a0193-6301
=035  \\$a(OCoLC)2786585
=035  \\$a(TestILS)c13832062-01asu_inst
=245  04$aThe Black warrior review /$cthe University of Alabama.
=561  \\$aTESTINST1
=583  \\$acommitted to retain$c20160520$dDecember 31, 2035$fTESTPROGRAM$fTESTPROGRAM Silver$uhttp://localhost/services/testprogram/docs/TESTPROGRAMProgramStatement.pdf
=583  \\$acompleteness reviewed$c20160520$fTESTPROGRAM$fTESTPROGRAM Silver$ivolume-level$lmissing volumes$zMissing v.1:2; v.3:2
=852  0\$aTESTINST1$bHDC$ctestprogram-trust
=866  30$80$a1(1974)-32(2006)

