=LDR  00688nx  a22001811n 4500
=003  TestILS
=004  991011603159703841
=007  ta
=001  221065898160003841
=008  1805040u\\\\0\\\0000ba\\\0\\\\\\
=005  20210520081217.80
=035  \\$a(OCoLC)1624007
=245  04$aThe International studio.
=583  \\$acommitted to retain$c20180504$dDecember 31, 2035$fTESTPROGRAM$fTESTPROGRAM Silver$uhttp://localhost/services/testprogram/docs/TESTPROGRAMProgramStatement.pdf
=583  \\$acompleteness reviewed$c20180504$fTESTPROGRAM$fTESTPROGRAM Silver$ivolume level$lmissing volumes$zmissing v.1-2; v.10; v.18
=561  \\$aTESTINST1
=852  0\$aTESTINST1$bHDC$ctestprogram-trust$hN1 .I6
=866  30$80$a3(1897)-9(1900), 11(1900)-12(1901), 14(1901)-17(1902), 19(1903)-99(1931)
=867  30$80$a3(1898)

