=LDR  00854    a2200217 n 4500
=001  22920045700003841
=003  TestILS
=004  991025065889703841
=005  20210520081217.43
=007  ta
=008  1306040u\\\\0\\\0001ba\\\0\\\\\\\\\\\\\\
=014  1\$a6059630$bOCoLC
=022  0\$a0271-0986$l0271-0986
=035  \\$a(OCoLC)6059630
=035  \\$a(TestILS)c13183047-01asu_inst
=245  00$aHispanic journal.
=561  \\$aTESTINST1
=583  \\$acommitted to retain$c20130604$dDecember 31, 2035$fTESTPROGRAM$fTESTPROGRAM Gold$uhttp://localhost/services/testprogram/docs/TESTPROGRAMProgramStatement.pdf
=583  \\$acompleteness reviewed$c20130604$fTESTPROGRAM$fTESTPROGRAM Gold$iissue-level$lbinding patterns vary$zfor vols. 1-12, 17-18, 22-27, two volumes bound together as single piece
=583  \\$acondition reviewed$c20130604$fTESTPROGRAM$fTESTPROGRAM Gold$iissue-level
=852  0\$aTESTINST1$bHDC$ctestprogram-trust$hPC4001$i.H723
=866  30$80$a1(1979)-27(2006)

