=LDR  00699ny  a22002173n 4500
=001  22903590250003841
=003  TestILS
=004  991022882889703841
=005  20210520081217.76
=007  ta
=008  1404160u\\\\0\\\0001ba\\\0\\\\\\\\\\\\\\
=014  1\$a5591518$bOCoLC
=022  1\$a0022-0310
=035  \\$a(OCoLC)5591518
=035  \\$a(TestILS)c13382470-01asu_inst
=245  04$aThe Journal of data education.
=561  \\$aTESTINST1
=561  \\$aORZ
=583  \\$acommitted to retain$c20140416$dDecember 31, 2035$fTESTPROGRAM$fTESTPROGRAM Silver$uhttp://localhost/services/testprogram/docs/TESTPROGRAMProgramStatement.pdf
=583  \\$acompleteness reviewed$c20140416$fTESTPROGRAM$fTESTPROGRAM Silver$ivolume-level
=852  0\$aTESTINST1$bHDC$ctestprogram-trust$hQA76.27$i.J687x
=866  30$80$a13(1973)-25(1972)

