=LDR  00764ny  a22002173n 4500
=001  22901802170003841
=003  TestILS
=004  991027191799703841
=005  20210520081217.81
=007  ta
=008  1206290u\\\\0\\\0001ba\\\0\\\\\\\\\\\\\\
=014  1\$a7858865$bOCoLC
=022  \\$a0143-814X
=035  \\$a(OCoLC)7858865
=035  \\$a(TestILS)c12807758-01asu_inst
=245  00$aJournal of public policy.
=561  \\$aTESTINST1
=561  \\$aCCO
=583  \\$acommitted to retain$c20120629$dDecember 31, 2035$fTESTPROGRAM$fTESTPROGRAM Silver$uhttp://localhost/services/testprogram/docs/TESTPROGRAMProgramStatement.pdf
=583  \\$acompleteness reviewed$c20120629$fTESTPROGRAM$fTESTPROGRAM Silver$ivolume-level$lbinding patterns vary$zvols. 14-5, 16-17, 25-26 two volumes bound as single units
=852  0\$aTESTINST1$bHDC$ctestprogram-trust
=866  30$80$a1(1981)-26(2006)

