=LDR  00867ny  a22002293n 4500
=001  22961555330003841
=003  TestILS
=004  991011727129703841
=005  20210520081217.47
=007  ta
=008  1206270u\\\\0\\\0001ba\\\0\\\\\\\\\\\\\\
=014  1\$a1764107$bOCoLC
=022  \\$a0080-2557
=035  \\$a(OCoLC)1764107
=035  \\$a(TestILS)c12807151-01asu_inst
=245  00$aRevue des études slaves.
=561  \\$aTESTINST1
=561  \\$aAZU
=583  \\$acommitted to retain$c20120627$dDecember 31, 2035$fTESTPROGRAM$fTESTPROGRAM Gold$uhttp://localhost/services/testprogram/docs/TESTPROGRAMProgramStatement.pdf
=583  \\$acompleteness reviewed$c20120627$fTESTPROGRAM$fTESTPROGRAM Gold$iissue-level$lmissing volumes$zmissing v.50$lmissing issues$zmissing v.51 issue 3-4$lreprints$zvol. 6 reprint
=583  \\$acondition reviewed$c20120627$fTESTPROGRAM$fTESTPROGRAM Gold$iissue-level
=852  0\$aTESTINST1$bHDC$ctestprogram-trust
=866  30$80$a1(1921)-49(1973), 51(1978)-76(2005)

