=LDR  00710nx  a22001931n 4500
=003  TestILS
=004  991011849599703841
=007  ta
=001  221122089210003841
=008  1908165u\\\\0\\\0000ba\\\0\\\\\\
=005  20210520081217.38
=022  \\$a0363-2245
=035  \\$a(OCoLC)1921154
=245  04$aThe Sean O'Casey review.
=583  \\$acommitted to retain$c20190823$dDecember 31, 2035$fTESTPROGRAM$fTESTPROGRAM Gold$uhttp://localhost/services/testprogram/docs/TESTPROGRAMProgramStatement.pdf
=583  \\$acompleteness reviewed$c20190823$fTESTPROGRAM$fTESTPROGRAM Gold$iissue level$lmissing issues$zmissing v.1(1974), 8(1982)
=583  \\$acondition reviewed$c20190823$fTESTPROGRAM$fTESTPROGRAM Gold$iissue level
=561  \\$aTESTINST1
=852  0\$aTESTINST1$bHDC$ctestprogram-trust$hPR6029 .C33$iZ83
=866  30$80$a2(1975)-7(1981)

