=LDR  00502ny  a22001693n 4500
=003  TestILS
=004  991011548559703841
=005  20210520081217.95
=001  221156616410003841
=007  ta
=008  2011090u\\\\0\\\0000ba\\\0\\\\\\
=022  \\$a0013-8282
=035  \\$a(OCoLC)1567963
=245  00$aEnglish language notes.
=561  \\$aTESTINST1
=583  \\$acommitted to retain$c20201109$d20351231$fTESTPROGRAM$fTESTPROGRAM Bronze$uhttp://localhost/services/testprogram/docs/TESTPROGRAMProgramStatement.pdf
=852  0\$aTESTINST1$bHDC$ctestprogram-trust$hPE1001$i.E5
=866  30$80$a1(1963)-53(2015)

