=LDR  00601nx  a22001811n 4500
=003  TestILS
=004  991042405719703841
=007  ta
=001  221068528990003841
=008  1805220u\\\\0\\\0000ba\\\0\\\\\\
=005  20210520081217.60
=022  \\$a1047-2975
=035  \\$a(OCoLC)20461276
=245  10$aHotels :$bthe magazine of the worldwide hotel industry.
=583  \\$acommitted to retain$c20180522$dDecember 31, 2035$fTESTPROGRAM$fTESTPROGRAM Silver$uhttp://localhost/services/testprogram/docs/TESTPROGRAMProgramStatement.pdf
=583  \\$acompleteness reviewed$c20180522$fTESTPROGRAM$fTESTPROGRAM Silver$ivolume level
=561  \\$aTESTINST1
=852  0\$aTESTINST1$bHDC$ctestprogram-trust$hTX901$i.S19
=866  30$80$a23, no.10(1989)-39(2005)

