=LDR  00754nx  a22001931n 4500
=003  TestILS
=004  991038902359703841
=007  ta
=001  221165006400003841
=008  2104300u\\\\0\\\0000ba\\\0\\\\\\
=005  20210520081217.54
=022  \\$a1044-1719
=035  \\$a(OCoLC)15478192
=245  00$aFocus on chemically dependent families.
=583  \\$acommitted to retain$c20210430$d20351231$fTESTPROGRAM$fTESTPROGRAM Gold$uhttp://localhost/services/testprogram/docs/TESTPROGRAMProgramStatement.pdf
=583  \\$acompleteness reviewed$c20210430$fTESTPROGRAM$fTESTPROGRAM Gold$iissue level$lbinding patterns vary$zv.13:2 bound with later title$lmissing issues$zmissing v.13:1(1989)
=583  \\$acondition reviewed$c20210430$fTESTPROGRAM$fTESTPROGRAM Gold$iissue level
=561  \\$aTESTINST1
=852  0\$aTESTINST1$bHDC$ctestprogram-trust$hHV5800$i.F6x
=866  30$80$a10(1987)-13, no.2(1989)

