=LDR  00755    a2200217 n 4500
=001  22816092810003841
=003  TestILS
=004  991028911189703841
=005  20210520081218.20
=007  ta
=008  1401170u\\\\0\\\0001ba\\\0\\\\\\\\\\\\\\
=014  1\$a8400680$bOCoLC
=022  \\$a0241-8185$l0241-8185
=035  \\$a(OCoLC)8400680
=035  \\$a(TestILS)c1333685x-01asu_inst
=245  00$6880-01$aA-I︠A︡.$pSovremennoe russkoe iskusstvo =$bA-JA. Contemporary Russian art.
=561  \\$aTESTINST1
=583  \\$acommitted to retain$c20140117$dDecember 31, 2035$fTESTPROGRAM$fTESTPROGRAM Gold$uhttp://localhost/services/testprogram/docs/TESTPROGRAMProgramStatement.pdf
=583  \\$acompleteness reviewed$c20140117$fTESTPROGRAM$fTESTPROGRAM Gold$iissue-level
=583  \\$acondition reviewed$c20140117$fTESTPROGRAM$fTESTPROGRAM Gold$iissue-level
=852  0\$aTESTINST1$bHDC$ctestprogram-trust$hN6988$i.A28x
=866  30$80$a1(1979)-7(1985)

