=LDR  00660nx  a22001931n 4500
=003  TestILS
=004  991030591689703841
=007  ta
=001  221134648450003841
=008  1912315u\\\\0\\\0000ba\\\0\\\\\\
=005  20210520081217.57
=022  \\$a0740-7874
=035  \\$a(OCoLC)9500238
=245  10$aSpectrum :$bjournal of school research and information.
=583  \\$acommitted to retain$c20191231$dDecember 31, 2035$fTESTPROGRAM$fTESTPROGRAM Gold$uhttp://localhost/services/testprogram/docs/TESTPROGRAMProgramStatement.pdf
=583  \\$acompleteness reviewed$c20191231$fTESTPROGRAM$fTESTPROGRAM Gold$iissue level
=583  \\$acondition reviewed$c20191231$fTESTPROGRAM$fTESTPROGRAM Gold$iissue level
=561  \\$aTESTINST1
=852  0\$aTESTINST1$bHDC$ctestprogram-trust$hL11$i.S78x
=866  30$80$a1(1983)-3(1985)

