=LDR  00643nx  a22001811n 4500
=003  TestILS
=004  991024299599703841
=007  ta
=001  221064653450003841
=008  1805040u\\\\0\\\0000ba\\\0\\\\\\
=005  20210520081217.43
=022  \\$a1087-1055
=035  \\$a(OCoLC)33353019
=245  00$aDealerscope consumer electronics marketplace :$bfor CE, PC and major appliance retailers.
=583  \\$acommitted to retain$c20180504$dDecember 31, 2035$fTESTPROGRAM$fTESTPROGRAM Silver$uhttp://localhost/services/testprogram/docs/TESTPROGRAMProgramStatement.pdf
=583  \\$acompleteness reviewed$c20180504$fTESTPROGRAM$fTESTPROGRAM Silver$ivolume level$lmissing volumes$zmissing v.40:3-4
=561  \\$aTESTINST1
=852  0\$aTESTINST1$bHDC$ctestprogram-trust$hHD9971.U6 D4
=866  30$80$a37, no.10(1995)-42, no.2(2000)

