=LDR  00744ny  a22002053n 4500
=001  22938328410003841
=003  TestILS
=004  991020803339703841
=005  20210520081217.83
=007  ta
=008  1306030u\\\\0\\\0001ba\\\0\\\\\\\\\\\\\\
=014  1\$a4202399$bOCoLC
=022  \\$a0374-6607
=035  \\$a(OCoLC)4202399
=035  \\$a(TestILS)c13182754-01asu_inst
=245  10$aTransactions /$cBotanical Society of Edinburgh.
=561  \\$aTESTINST1
=583  \\$acommitted to retain$c20130603$dDecember 31, 2035$fTESTPROGRAM$fTESTPROGRAM Silver$uhttp://localhost/services/testprogram/docs/TESTPROGRAMProgramStatement.pdf
=583  \\$acompleteness reviewed$c20130603$fTESTPROGRAM$fTESTPROGRAM Silver$ivolume-level$lbinding patterns vary$zfor vol. 45 issues bound separately
=852  0\$aTESTINST1$bHDC$ctestprogram-trust$hQK1$i.B337
=866  30$80$a41(1970/1972)-45(1986/1990)

