=LDR  00729ny  a22002173n 4500
=001  22955201720003841
=003  TestILS
=004  991020836359703841
=005  20210520081217.84
=007  ta
=008  1705080u\\\\0\\\0001ba\\\0\\\\\\\\\\\\\\
=014  1\$a4522277$bOCoLC
=022  \\$a0004-9840
=030  \\$aAUNHAO
=035  \\$a(OCoLC)4522277
=035  \\$a(TestILS)c14147713-01asu_inst
=245  00$aAustralian natural history.
=561  \\$aTESTINST1
=583  \\$acommitted to retain$c20170508$dDecember 31, 2035$fTESTPROGRAM$fTESTPROGRAM Silver$uhttp://localhost/services/testprogram/docs/TESTPROGRAMProgramStatement.pdf
=583  \\$acompleteness reviewed$c20170508$fTESTPROGRAM$fTESTPROGRAM Silver$ivolume-level$lmissing volumes$zmissing v.14-20; v.21:1-7
=852  0\$aTESTINST1$bHDC$ctestprogram-trust
=866  30$80$a21(1985)-23(1992)
